<?xml version="1.0" encoding="UTF-8"?><collection xmlns="http://www.loc.gov/MARC21/slim" xmlns:mrc="http://www.loc.gov/MARC21/slim" xmlns:xsi="http://www.w3.org/2001/XMLSchema-instance" xsi:schemaLocation="http://www.loc.gov/MARC21/slim http://www.loc.gov/standards/marcxml/schema/MARC21slim.xsd">
	<record type="Bibliographic">
		<datafield n="1" tag="">
			<subfield code="">RECORD #(BIBLIO)</subfield>
		</datafield>
		<datafield n="2" tag="">
			<subfield code="">MAT TYPE</subfield>
		</datafield>
		<datafield n="3" tag="008">
			<subfield code="">008 Date One</subfield>
		</datafield>
		<datafield n="4" tag="008">
			<subfield code="">008 Date Two</subfield>
		</datafield>
		<datafield n="5" tag="245">
			<subfield code="a">245|a</subfield>
			<subfield code="b">245|b</subfield>
		</datafield>
		<datafield n="6" tag="246">
			<subfield code="a">246|a</subfield>
		</datafield>
		<datafield n="7" tag="222">
			<subfield code="a">222|a</subfield>
		</datafield>
		<datafield n="8" tag="260">
			<subfield code="a">260|a</subfield>
			<subfield code="b">260|b</subfield>
			<subfield code="c">260|c</subfield>
		</datafield>
		<datafield n="9" tag="264">
			<subfield code="a">264|a</subfield>
			<subfield code="b">264|b</subfield>
			<subfield code="c">264|c</subfield>
		</datafield>
		<datafield n="10" tag="300">
			<subfield code="">300</subfield>
		</datafield>
		<datafield n="11" tag="310">
			<subfield code="">310</subfield>
		</datafield>
		<datafield n="12" tag="911">
			<subfield code="">911</subfield>
		</datafield>
		<datafield n="13" tag="530">
			<subfield code="">530</subfield>
		</datafield>
		<datafield n="14" tag="590">
			<subfield code="">590</subfield>
		</datafield>
		<datafield n="15" tag="866">
			<subfield code="">866</subfield>
		</datafield>
		<datafield n="16" tag="362">
			<subfield code="">362</subfield>
		</datafield>
	</record>