
	<record type="Bibliographic">
		<datafield n="1" tag="">
			<subfield code="">b15437541</subfield>
		</datafield>
		<datafield n="2" tag="">
			<subfield code="">1  </subfield>
		</datafield>
		<datafield n="3" tag="008">
			<subfield code="">1916</subfield>
		</datafield>
		<datafield n="4" tag="008">
			<subfield code="">1921</subfield>
		</datafield>
		<datafield n="5" tag="245">
			<subfield code="a">الإتحاد العربي :</subfield>
			<subfield code="b">جريدة عربية مستقلة سياسية إخبارية إختصاصية باخبار الوطن.</subfield>
		</datafield>
		<datafield n="6" tag="246">
			<subfield code="a">"al-Ittiḥād al-‘Arabī :$""الزهراوي"""</subfield>
		</datafield>
		<datafield n="7" tag="222">
			<subfield code="a">الإتحاد العربي</subfield>
		</datafield>
		<datafield n="8" tag="260">
			<subfield code="a"/>
			<subfield code="b"/>
			<subfield code="c"/>
		</datafield>
		<datafield n="9" tag="264">
			<subfield code="a">سان باولو :</subfield>
			<subfield code="b">[جورج ميخائيل أطلس]،</subfield>
			<subfield code="c">[1916-1921]</subfield>
		</datafield>
		<datafield n="10" tag="300">
			<subfield code="">"1 بكرة ميكروفيلم : سلبي وايجابي ؛ 35 مم."</subfield>
		</datafield>
		<datafield n="11" tag="310">
			<subfield code="">اسبوعية</subfield>
		</datafield>
		<datafield n="12" tag="911">
			<subfield code="">CEASE</subfield>
		</datafield>
		<datafield n="13" tag="530">
			<subfield code=""/>
		</datafield>
		<datafield n="14" tag="590">
			<subfield code="">"نسخة مصورة على ميكروفيلم. تم التصوير في دائرة المصغرات الفلمية، مكتبة يافث التذكارية.$""تنقص الاعداد 78 (1921 : ايلول) ؛ 81 (1921 : تموز)"""</subfield>
		</datafield>
		<datafield n="15" tag="866">
			<subfield code="">في المكتبة:مج.2-3(1920:ايلول-1921:كانون الأول)</subfield>
		</datafield>
		<datafield n="16" tag="362">
			<subfield code=""/>
		</datafield>
	</record>