
	<record type="Bibliographic">
		<datafield n="1" tag="">
			<subfield code="">b25373328</subfield>
		</datafield>
		<datafield n="2" tag="">
			<subfield code="">s  </subfield>
		</datafield>
		<datafield n="3" tag="008">
			<subfield code="">1924</subfield>
		</datafield>
		<datafield n="4" tag="008">
			<subfield code="">192u</subfield>
		</datafield>
		<datafield n="5" tag="245">
			<subfield code="a">الإخاء :</subfield>
			<subfield code="b">مجلة علمية تاريخية أدبية روائية مصوّرة.</subfield>
		</datafield>
		<datafield n="6" tag="246">
			<subfield code="a">AL-Ikhaa : révue arabe mensuelle</subfield>
		</datafield>
		<datafield n="7" tag="222">
			<subfield code="a">الإخاء</subfield>
		</datafield>
		<datafield n="8" tag="260">
			<subfield code="a"/>
			<subfield code="b"/>
			<subfield code="c"/>
		</datafield>
		<datafield n="9" tag="264">
			<subfield code="a">مصر :</subfield>
			<subfield code="b">مطبعة عين شمس،</subfield>
			<subfield code="c">1924-[192؟]</subfield>
		</datafield>
		<datafield n="10" tag="300">
			<subfield code="">"مجلدات : مصورات ؛ 24 سم"</subfield>
		</datafield>
		<datafield n="11" tag="310">
			<subfield code="">شهرية.</subfield>
		</datafield>
		<datafield n="12" tag="911">
			<subfield code="">CEASE</subfield>
		</datafield>
		<datafield n="13" tag="530">
			<subfield code=""/>
		</datafield>
		<datafield n="14" tag="590">
			<subfield code=""/>
		</datafield>
		<datafield n="15" tag="866">
			<subfield code="">"في المكتبة: مج.1:ع.9(1924:كانون الأول)؛ مج.3:ع.2-7(1926:أيار-تشرين الأول)؛ مج.4:ع.6، 8، 10(1927:تشرين الثاني،1928: كانون الثاني، آذار)؛ مج.5:ع.1-4، 6، 9، 10(1928:نيسان-تموز، تشرين الثاني، 1929:كانون الثاني، شباط)؛ مج.6:ع.1، 2، 4، 6، 8(1929:نيسان، أيار، تشرين الثاني، 1930:كانون الثاني)؛ مج.7:ع.1، 3، 4، 7، 9(1930:نيسان، حزيران، تموز، كانون أول، 1931:شباط)؛ مج.8:ع.1، 3، 4، 6(1931:أيار، حزيران، تموز، كانون الأول)؛ مج.9:ع.4، 7، 8، 10(1932:تموز، كانون الأول، 1933:كانون ا"</subfield>
		</datafield>
		<datafield n="16" tag="362">
			<subfield code=""/>
		</datafield>
	</record>