
	<record type="Bibliographic">
		<datafield n="1" tag="">
			<subfield code="">b12826698</subfield>
		</datafield>
		<datafield n="2" tag="">
			<subfield code="">s  </subfield>
		</datafield>
		<datafield n="3" tag="008">
			<subfield code="">1902</subfield>
		</datafield>
		<datafield n="4" tag="008">
			<subfield code="">1910</subfield>
		</datafield>
		<datafield n="5" tag="245">
			<subfield code="a">الإستقلال :</subfield>
			<subfield code="b">مجلة إنتقادية عمرانية أدبية.</subfield>
		</datafield>
		<datafield n="6" tag="246">
			<subfield code="a">"al-Istiqlāl :$""الإستقلال :"""</subfield>
		</datafield>
		<datafield n="7" tag="222">
			<subfield code="a">الإستقلال</subfield>
		</datafield>
		<datafield n="8" tag="260">
			<subfield code="a"/>
			<subfield code="b"/>
			<subfield code="c"/>
		</datafield>
		<datafield n="9" tag="264">
			<subfield code="a">القاهرة :</subfield>
			<subfield code="b">نجيب شقرا،</subfield>
			<subfield code="c">1902-1910.</subfield>
		</datafield>
		<datafield n="10" tag="300">
			<subfield code="">مجلدات</subfield>
		</datafield>
		<datafield n="11" tag="310">
			<subfield code="">شهرية.</subfield>
		</datafield>
		<datafield n="12" tag="911">
			<subfield code="">CEASE</subfield>
		</datafield>
		<datafield n="13" tag="530">
			<subfield code="">متوفر ايضاً على ميكروفيلم : Mic-NA:000485</subfield>
		</datafield>
		<datafield n="14" tag="590">
			<subfield code=""/>
		</datafield>
		<datafield n="15" tag="866">
			<subfield code="">في المكتبة :1902-1910.</subfield>
		</datafield>
		<datafield n="16" tag="362">
			<subfield code="">صدرت السنة الاولى عام 1902.</subfield>
		</datafield>
	</record>