
	<record type="Bibliographic">
		<datafield n="1" tag="">
			<subfield code="">b13152622</subfield>
		</datafield>
		<datafield n="2" tag="">
			<subfield code="">s  </subfield>
		</datafield>
		<datafield n="3" tag="008">
			<subfield code="">1929</subfield>
		</datafield>
		<datafield n="4" tag="008">
			<subfield code="">1935</subfield>
		</datafield>
		<datafield n="5" tag="245">
			<subfield code="a">الإصلاح :</subfield>
			<subfield code="b">مجلة أدبية إنتقادية تصورية جامعة.</subfield>
		</datafield>
		<datafield n="6" tag="246">
			<subfield code="a">"al-Iṣlāḥ :$""Renovacion""$""الإصلاح :""$""الإصلاح :"""</subfield>
		</datafield>
		<datafield n="7" tag="222">
			<subfield code="a">الإصلاح</subfield>
		</datafield>
		<datafield n="8" tag="260">
			<subfield code="a"/>
			<subfield code="b"/>
			<subfield code="c"/>
		</datafield>
		<datafield n="9" tag="264">
			<subfield code="a">بونس ايرس، الأرجنتين :</subfield>
			<subfield code="b">جورج صوايا،</subfield>
			<subfield code="c">1929-1935.</subfield>
		</datafield>
		<datafield n="10" tag="300">
			<subfield code="">"4 مجلدات : مصورات ؛ 25 سم"</subfield>
		</datafield>
		<datafield n="11" tag="310">
			<subfield code="">شهرية.</subfield>
		</datafield>
		<datafield n="12" tag="911">
			<subfield code="">CEASE</subfield>
		</datafield>
		<datafield n="13" tag="530">
			<subfield code="">متوفر ايضاً على ميكروفليم : Mic-NA:000478</subfield>
		</datafield>
		<datafield n="14" tag="590">
			<subfield code="">في المكتبة : ج 3-5 وعدد كانون الاول الممتاز من ج 6.</subfield>
		</datafield>
		<datafield n="15" tag="866">
			<subfield code="">في المكتبة : مج. 3-6 (1931-1935)</subfield>
		</datafield>
		<datafield n="16" tag="362">
			<subfield code=""/>
		</datafield>
	</record>