
	<record type="Bibliographic">
		<datafield n="1" tag="">
			<subfield code="">b13375325</subfield>
		</datafield>
		<datafield n="2" tag="">
			<subfield code="">1  </subfield>
		</datafield>
		<datafield n="3" tag="008">
			<subfield code="">1929</subfield>
		</datafield>
		<datafield n="4" tag="008">
			<subfield code="">1933</subfield>
		</datafield>
		<datafield n="5" tag="245">
			<subfield code="a">الإصلاح :</subfield>
			<subfield code="b">مجلة أدبية انتقادية تصورية جامعة.</subfield>
		</datafield>
		<datafield n="6" tag="246">
			<subfield code="a">"al-Iṣlāḥ :$""Renovacion""$""الإصلاح :""$""الإصلاح :"""</subfield>
		</datafield>
		<datafield n="7" tag="222">
			<subfield code="a">الإصلاح</subfield>
		</datafield>
		<datafield n="8" tag="260">
			<subfield code="a"/>
			<subfield code="b"/>
			<subfield code="c"/>
		</datafield>
		<datafield n="9" tag="264">
			<subfield code="a">بونس ايرس، الأرجنتين :</subfield>
			<subfield code="b">جورج صوايا،</subfield>
			<subfield code="c">1929-1933.</subfield>
		</datafield>
		<datafield n="10" tag="300">
			<subfield code="">"4 بكرات ميكروفيلم ؛ 35 مم"</subfield>
		</datafield>
		<datafield n="11" tag="310">
			<subfield code="">شهرية.</subfield>
		</datafield>
		<datafield n="12" tag="911">
			<subfield code="">CEASE</subfield>
		</datafield>
		<datafield n="13" tag="530">
			<subfield code="">متوفر ايضاً على نسخة مطبوعة.</subfield>
		</datafield>
		<datafield n="14" tag="590">
			<subfield code="">نسخة مصورة على ميكروفيلم. تم الصوير في دائرة المصغرات الفلمية، مكتبة يافث التذكارية.</subfield>
		</datafield>
		<datafield n="15" tag="866">
			<subfield code="">في المكتبة:مج.3-5(1931:كانون الثاني-1933:كانون الأول، 1935:كانون الأول)</subfield>
		</datafield>
		<datafield n="16" tag="362">
			<subfield code=""/>
		</datafield>
	</record>