
	<record type="Bibliographic">
		<datafield n="1" tag="">
			<subfield code="">b12826686</subfield>
		</datafield>
		<datafield n="2" tag="">
			<subfield code="">s  </subfield>
		</datafield>
		<datafield n="3" tag="008">
			<subfield code="">1902</subfield>
		</datafield>
		<datafield n="4" tag="008">
			<subfield code="">1912</subfield>
		</datafield>
		<datafield n="5" tag="245">
			<subfield code="a">الإقبال :</subfield>
			<subfield code="b">جريدة علمية، سياسية، عمرانية.</subfield>
		</datafield>
		<datafield n="6" tag="246">
			<subfield code="a">"Iqbāl :$""al-Ikbal"""</subfield>
		</datafield>
		<datafield n="7" tag="222">
			<subfield code="a">الإقبال</subfield>
		</datafield>
		<datafield n="8" tag="260">
			<subfield code="a"/>
			<subfield code="b"/>
			<subfield code="c"/>
		</datafield>
		<datafield n="9" tag="264">
			<subfield code="a">بيروت :</subfield>
			<subfield code="b">المكتبة الانسية،</subfield>
			<subfield code="c">1902-1912.</subfield>
		</datafield>
		<datafield n="10" tag="300">
			<subfield code="">"مجلدات ؛ 42 سم"</subfield>
		</datafield>
		<datafield n="11" tag="310">
			<subfield code="">أسبوعية.</subfield>
		</datafield>
		<datafield n="12" tag="911">
			<subfield code="">CEASE</subfield>
		</datafield>
		<datafield n="13" tag="530">
			<subfield code="">متوفر ايضاً على ميكروفيلم رقم : Mic-NA:000164</subfield>
		</datafield>
		<datafield n="14" tag="590">
			<subfield code=""/>
		</datafield>
		<datafield n="15" tag="866">
			<subfield code="">في المكتبة : مج. 1-11 (1902-1911)</subfield>
		</datafield>
		<datafield n="16" tag="362">
			<subfield code="">صدر العدد الاول سنة 1902.</subfield>
		</datafield>
	</record>