
	<record type="Bibliographic">
		<datafield n="1" tag="">
			<subfield code="">b23272867</subfield>
		</datafield>
		<datafield n="2" tag="">
			<subfield code="">s  </subfield>
		</datafield>
		<datafield n="3" tag="008">
			<subfield code="">1910</subfield>
		</datafield>
		<datafield n="4" tag="008">
			<subfield code="">1912</subfield>
		</datafield>
		<datafield n="5" tag="245">
			<subfield code="a">الإنسانية.</subfield>
			<subfield code="b"/>
		</datafield>
		<datafield n="6" tag="246">
			<subfield code="a"/>
		</datafield>
		<datafield n="7" tag="222">
			<subfield code="a">الإنسانية</subfield>
		</datafield>
		<datafield n="8" tag="260">
			<subfield code="a"/>
			<subfield code="b"/>
			<subfield code="c"/>
		</datafield>
		<datafield n="9" tag="264">
			<subfield code="a">حماة، سوريا :</subfield>
			<subfield code="b">مطبعة جريدة حمص،</subfield>
			<subfield code="c">1910-1912.</subfield>
		</datafield>
		<datafield n="10" tag="300">
			<subfield code="">"2 مجلد ؛ 22 سم"</subfield>
		</datafield>
		<datafield n="11" tag="310">
			<subfield code="">شهرية.</subfield>
		</datafield>
		<datafield n="12" tag="911">
			<subfield code="">CEASE</subfield>
		</datafield>
		<datafield n="13" tag="530">
			<subfield code=""/>
		</datafield>
		<datafield n="14" tag="590">
			<subfield code=""/>
		</datafield>
		<datafield n="15" tag="866">
			<subfield code="">في المكتبة: مج.1:ع.1-مج.2:ع.12(1910:نيسان-1912:آذار)</subfield>
		</datafield>
		<datafield n="16" tag="362">
			<subfield code="">السنة الأولى، الجزء الأول (نيسان 1910)-السنة الثانية، الجزء الثاني عشر(آذار 1912)</subfield>
		</datafield>
	</record>