
	<record type="Bibliographic">
		<datafield n="1" tag="">
			<subfield code="">b13161647</subfield>
		</datafield>
		<datafield n="2" tag="">
			<subfield code="">1  </subfield>
		</datafield>
		<datafield n="3" tag="008">
			<subfield code="">1897</subfield>
		</datafield>
		<datafield n="4" tag="008">
			<subfield code="">1898</subfield>
		</datafield>
		<datafield n="5" tag="245">
			<subfield code="a">الأجيال :</subfield>
			<subfield code="b">أسبوعية مصورة.</subfield>
		</datafield>
		<datafield n="6" tag="246">
			<subfield code="a">al-Ajyāl :</subfield>
		</datafield>
		<datafield n="7" tag="222">
			<subfield code="a">الأجيال</subfield>
		</datafield>
		<datafield n="8" tag="260">
			<subfield code="a"/>
			<subfield code="b"/>
			<subfield code="c"/>
		</datafield>
		<datafield n="9" tag="264">
			<subfield code="a">القاهرة :</subfield>
			<subfield code="b">دار الاجيال،</subfield>
			<subfield code="c">1897-1898.</subfield>
		</datafield>
		<datafield n="10" tag="300">
			<subfield code="">"1 بكرة ميكروفيلم : سلبي وايجابي ؛ 35 مم"</subfield>
		</datafield>
		<datafield n="11" tag="310">
			<subfield code="">اسبوعية.</subfield>
		</datafield>
		<datafield n="12" tag="911">
			<subfield code="">CEASE</subfield>
		</datafield>
		<datafield n="13" tag="530">
			<subfield code="">متوفر ايضاً على نسخة مطبوعة.</subfield>
		</datafield>
		<datafield n="14" tag="590">
			<subfield code="">نسخة مصورة على ميكروفيلم. تم التصوير في دائرة المصغرات الفلمية، مكتبة يافث التذكارية، 1998</subfield>
		</datafield>
		<datafield n="15" tag="866">
			<subfield code="">في المكتبة:1897: تموز-1898: تموز .</subfield>
		</datafield>
		<datafield n="16" tag="362">
			<subfield code="">صدر العدد الاول السنة الاولى في 29 حزيران 1897.</subfield>
		</datafield>
	</record>