
	<record type="Bibliographic">
		<datafield n="1" tag="">
			<subfield code="">b25792775</subfield>
		</datafield>
		<datafield n="2" tag="">
			<subfield code="">s  </subfield>
		</datafield>
		<datafield n="3" tag="008">
			<subfield code="">1924</subfield>
		</datafield>
		<datafield n="4" tag="008">
			<subfield code="">193u</subfield>
		</datafield>
		<datafield n="5" tag="245">
			<subfield code="a">الأحرار :</subfield>
			<subfield code="b">جريدة يومية وطنية لا طائفية.</subfield>
		</datafield>
		<datafield n="6" tag="246">
			<subfield code="a">AL-AHRAR</subfield>
		</datafield>
		<datafield n="7" tag="222">
			<subfield code="a">الأحرار</subfield>
		</datafield>
		<datafield n="8" tag="260">
			<subfield code="a"/>
			<subfield code="b"/>
			<subfield code="c"/>
		</datafield>
		<datafield n="9" tag="264">
			<subfield code="a">بيروت، لبنان :</subfield>
			<subfield code="b">مطبعة الأحرار،</subfield>
			<subfield code="c">1924-[193؟]</subfield>
		</datafield>
		<datafield n="10" tag="300">
			<subfield code="">"أعداد : مصورات ؛ 60 سم"</subfield>
		</datafield>
		<datafield n="11" tag="310">
			<subfield code="">يومية.</subfield>
		</datafield>
		<datafield n="12" tag="911">
			<subfield code="">CEASE</subfield>
		</datafield>
		<datafield n="13" tag="530">
			<subfield code="">متوفر أيضاً على ميكروفيلم رقم</subfield>
		</datafield>
		<datafield n="14" tag="590">
			<subfield code=""/>
		</datafield>
		<datafield n="15" tag="866">
			<subfield code="">"في المكتبة: 1928: شباط؛ مج.7:ع.1379، 1518(1930:شباط، أيلول)؛ مج.8:ع.1728(1931:آب)؛ مج.10:ع.2149(1933:نيسان)"</subfield>
		</datafield>
		<datafield n="16" tag="362">
			<subfield code="">1924.</subfield>
		</datafield>
	</record>