
	<record type="Bibliographic">
		<datafield n="1" tag="">
			<subfield code="">b2555573x</subfield>
		</datafield>
		<datafield n="2" tag="">
			<subfield code="">s  </subfield>
		</datafield>
		<datafield n="3" tag="008">
			<subfield code="">1925</subfield>
		</datafield>
		<datafield n="4" tag="008">
			<subfield code="">195u</subfield>
		</datafield>
		<datafield n="5" tag="245">
			<subfield code="a">الأخبار الكنسية :</subfield>
			<subfield code="b">مجلة شهرية.</subfield>
		</datafield>
		<datafield n="6" tag="246">
			<subfield code="a"/>
		</datafield>
		<datafield n="7" tag="222">
			<subfield code="a">الأخبار الكنسية</subfield>
		</datafield>
		<datafield n="8" tag="260">
			<subfield code="a"/>
			<subfield code="b"/>
			<subfield code="c"/>
		</datafield>
		<datafield n="9" tag="264">
			<subfield code="a">القدس، فلسطين :</subfield>
			<subfield code="b">مطبعة بيت المقدس،</subfield>
			<subfield code="c">1924-[195?]</subfield>
		</datafield>
		<datafield n="10" tag="300">
			<subfield code="">"مجلدات ؛ 25 سم"</subfield>
		</datafield>
		<datafield n="11" tag="310">
			<subfield code="">شهرية.</subfield>
		</datafield>
		<datafield n="12" tag="911">
			<subfield code="">CEASE</subfield>
		</datafield>
		<datafield n="13" tag="530">
			<subfield code=""/>
		</datafield>
		<datafield n="14" tag="590">
			<subfield code=""/>
		</datafield>
		<datafield n="15" tag="866">
			<subfield code="">"في المكتبة:مج.13:ع.2، 10(1938:شباط، تشرين الأول)؛ مج.15:ع.2(1939:شباط)"</subfield>
		</datafield>
		<datafield n="16" tag="362">
			<subfield code="">العدد الأول (كانون الأول 1924)</subfield>
		</datafield>
	</record>