
	<record type="Bibliographic">
		<datafield n="1" tag="">
			<subfield code="">b12826601</subfield>
		</datafield>
		<datafield n="2" tag="">
			<subfield code="">s  </subfield>
		</datafield>
		<datafield n="3" tag="008">
			<subfield code="">1920</subfield>
		</datafield>
		<datafield n="4" tag="008">
			<subfield code="">1925</subfield>
		</datafield>
		<datafield n="5" tag="245">
			<subfield code="a">الأخلاق :</subfield>
			<subfield code="b">مجلة أدبية تاريخية روائية تصويرية فكاهية.</subfield>
		</datafield>
		<datafield n="6" tag="246">
			<subfield code="a">al-Akhlāq :</subfield>
		</datafield>
		<datafield n="7" tag="222">
			<subfield code="a">الأخلاق</subfield>
		</datafield>
		<datafield n="8" tag="260">
			<subfield code="a"/>
			<subfield code="b"/>
			<subfield code="c"/>
		</datafield>
		<datafield n="9" tag="264">
			<subfield code="a">نيويورك :</subfield>
			<subfield code="b">المطبعة التجارية السورية الاميركية،</subfield>
			<subfield code="c">1920-1925.</subfield>
		</datafield>
		<datafield n="10" tag="300">
			<subfield code="">"مجلدات : مصورات ؛ 30 سم"</subfield>
		</datafield>
		<datafield n="11" tag="310">
			<subfield code="">شهرية.</subfield>
		</datafield>
		<datafield n="12" tag="911">
			<subfield code="">CEASE</subfield>
		</datafield>
		<datafield n="13" tag="530">
			<subfield code="">متوفر ايضاً على ميكروفيلم : Mic-NA:000412</subfield>
		</datafield>
		<datafield n="14" tag="590">
			<subfield code=""/>
		</datafield>
		<datafield n="15" tag="866">
			<subfield code="">"في المكتبة: ع.2(1921؛ مج.3:ع.6، 10(1922:حزيران، تشرين الأول)؛ مج.4(1923)؛ مج.5:ع.1، 4، 6(1924:كانون الثاني، نيسان، حزيران)؛ مج.6:ع.1، 6(1925:كانون الثاني، حزيران)؛ مج.10(1929)؛ مج.11:ع.2، 3(1930:شباط، آذار)"</subfield>
		</datafield>
		<datafield n="16" tag="362">
			<subfield code="">صدرت في 1920.</subfield>
		</datafield>
	</record>