
	<record type="Bibliographic">
		<datafield n="1" tag="">
			<subfield code="">b13150352</subfield>
		</datafield>
		<datafield n="2" tag="">
			<subfield code="">1  </subfield>
		</datafield>
		<datafield n="3" tag="008">
			<subfield code="">1920</subfield>
		</datafield>
		<datafield n="4" tag="008">
			<subfield code="">1925</subfield>
		</datafield>
		<datafield n="5" tag="245">
			<subfield code="a">الأخلاق :</subfield>
			<subfield code="b">مجلة أدبية تاريخية روائية تصويرية فكاهية.</subfield>
		</datafield>
		<datafield n="6" tag="246">
			<subfield code="a">al-Akhlāq :</subfield>
		</datafield>
		<datafield n="7" tag="222">
			<subfield code="a">الأخلاق</subfield>
		</datafield>
		<datafield n="8" tag="260">
			<subfield code="a"/>
			<subfield code="b"/>
			<subfield code="c"/>
		</datafield>
		<datafield n="9" tag="264">
			<subfield code="a">نيويورك :</subfield>
			<subfield code="b">المطبعة التجارية السورية الاميركية،</subfield>
			<subfield code="c">1920-[1925]</subfield>
		</datafield>
		<datafield n="10" tag="300">
			<subfield code="">"3 بكرة ميكروفيلم : سلبي وايجابي ؛ 35 مم"</subfield>
		</datafield>
		<datafield n="11" tag="310">
			<subfield code="">شهرية.</subfield>
		</datafield>
		<datafield n="12" tag="911">
			<subfield code="">CEASE</subfield>
		</datafield>
		<datafield n="13" tag="530">
			<subfield code="">متوفر ايضاً على نسخة مطبوعة.</subfield>
		</datafield>
		<datafield n="14" tag="590">
			<subfield code="">نسخة مصورة على ميكروفيلم. تم التصوير في دائرة المصغرات الفلمية، مكتبة يافث التذكارية، 2001</subfield>
		</datafield>
		<datafield n="15" tag="866">
			<subfield code="">"في المكتبة:مج. 2:ع. 1-12 (1921)؛ مج.4:ع. 1-12/11 (1923)؛مج.5:ع. 1-2 (1924: كانون الثاني - شباط)"</subfield>
		</datafield>
		<datafield n="16" tag="362">
			<subfield code="">صدرت في 1920.</subfield>
		</datafield>
	</record>