
	<record type="Bibliographic">
		<datafield n="1" tag="">
			<subfield code="">b26013204</subfield>
		</datafield>
		<datafield n="2" tag="">
			<subfield code="">s  </subfield>
		</datafield>
		<datafield n="3" tag="008">
			<subfield code="">1922</subfield>
		</datafield>
		<datafield n="4" tag="008">
			<subfield code="">9999</subfield>
		</datafield>
		<datafield n="5" tag="245">
			<subfield code="a">الأرزة :</subfield>
			<subfield code="b">جريدة جمعية أرزة لبنان الرسمية /</subfield>
		</datafield>
		<datafield n="6" tag="246">
			<subfield code="a">"الأرزة :$""جريدة الأرزة""$""O cedro :""$""O cedro :""$""Cedro :""$""Arzah"""</subfield>
		</datafield>
		<datafield n="7" tag="222">
			<subfield code="a">الأرزة</subfield>
		</datafield>
		<datafield n="8" tag="260">
			<subfield code="a"/>
			<subfield code="b"/>
			<subfield code="c"/>
		</datafield>
		<datafield n="9" tag="264">
			<subfield code="a">ريو دي جانيرو، [البرازيل] :</subfield>
			<subfield code="b">جمعية أرزة لبنان،</subfield>
			<subfield code="c">1922-</subfield>
		</datafield>
		<datafield n="10" tag="300">
			<subfield code="">"880-06 مجلدات ؛ 49 سم"</subfield>
		</datafield>
		<datafield n="11" tag="310">
			<subfield code="">أسبوعية</subfield>
		</datafield>
		<datafield n="12" tag="911">
			<subfield code="">CEASE</subfield>
		</datafield>
		<datafield n="13" tag="530">
			<subfield code=""/>
		</datafield>
		<datafield n="14" tag="590">
			<subfield code=""/>
		</datafield>
		<datafield n="15" tag="866">
			<subfield code="">في المكتبة: مج.11،ع.211(1934)</subfield>
		</datafield>
		<datafield n="16" tag="362">
			<subfield code="">السنة الأولي العدد الأول، 1 تشرين الثاني 1922-</subfield>
		</datafield>
	</record>