
	<record type="Bibliographic">
		<datafield n="1" tag="">
			<subfield code="">b23273525</subfield>
		</datafield>
		<datafield n="2" tag="">
			<subfield code="">s  </subfield>
		</datafield>
		<datafield n="3" tag="008">
			<subfield code="">1922</subfield>
		</datafield>
		<datafield n="4" tag="008">
			<subfield code="">192u</subfield>
		</datafield>
		<datafield n="5" tag="245">
			<subfield code="a">الأنوار:</subfield>
			<subfield code="b">لسان حال الأحرار.</subfield>
		</datafield>
		<datafield n="6" tag="246">
			<subfield code="a">"جريدة الأنوار :$""Al-Anouar :"""</subfield>
		</datafield>
		<datafield n="7" tag="222">
			<subfield code="a">الأنوار</subfield>
		</datafield>
		<datafield n="8" tag="260">
			<subfield code="a"/>
			<subfield code="b"/>
			<subfield code="c"/>
		</datafield>
		<datafield n="9" tag="264">
			<subfield code="a">دمشق، سوريا :</subfield>
			<subfield code="b">[يوسف الحاج]،</subfield>
			<subfield code="c">1922-[؟192]</subfield>
		</datafield>
		<datafield n="10" tag="300">
			<subfield code="">"مجلدات : مصورات ؛ 39 سم"</subfield>
		</datafield>
		<datafield n="11" tag="310">
			<subfield code="">أسبوعية.</subfield>
		</datafield>
		<datafield n="12" tag="911">
			<subfield code="">CEASE</subfield>
		</datafield>
		<datafield n="13" tag="530">
			<subfield code=""/>
		</datafield>
		<datafield n="14" tag="590">
			<subfield code=""/>
		</datafield>
		<datafield n="15" tag="866">
			<subfield code="">في المكتبة:مج.1:ع.1، 3/4، 7/8(1922:شباط، آذار)</subfield>
		</datafield>
		<datafield n="16" tag="362">
			<subfield code="">السنة الأولى، العدد الأول (شباط 1922)</subfield>
		</datafield>
	</record>