
	<record type="Bibliographic">
		<datafield n="1" tag="">
			<subfield code="">b18307978</subfield>
		</datafield>
		<datafield n="2" tag="">
			<subfield code="">s  </subfield>
		</datafield>
		<datafield n="3" tag="008">
			<subfield code="">1922</subfield>
		</datafield>
		<datafield n="4" tag="008">
			<subfield code="">1931</subfield>
		</datafield>
		<datafield n="5" tag="245">
			<subfield code="a">الأولاد.</subfield>
			<subfield code="b"/>
		</datafield>
		<datafield n="6" tag="246">
			<subfield code="a">"al-Awlād$""مجلة الأولاد"""</subfield>
		</datafield>
		<datafield n="7" tag="222">
			<subfield code="a">الأولاد </subfield>
		</datafield>
		<datafield n="8" tag="260">
			<subfield code="a"/>
			<subfield code="b"/>
			<subfield code="c"/>
		</datafield>
		<datafield n="9" tag="264">
			<subfield code="a">مصر :</subfield>
			<subfield code="b">[إسكندر مكاريوس]،</subfield>
			<subfield code="c">[1922-1931]</subfield>
		</datafield>
		<datafield n="10" tag="300">
			<subfield code="">"9 مجلدات : مصورات ؛  38 سم"</subfield>
		</datafield>
		<datafield n="11" tag="310">
			<subfield code="">أسبوعية.</subfield>
		</datafield>
		<datafield n="12" tag="911">
			<subfield code="">CEASE</subfield>
		</datafield>
		<datafield n="13" tag="530">
			<subfield code=""/>
		</datafield>
		<datafield n="14" tag="590">
			<subfield code="">تحفظ في دائرة الارشيف والمجموعات الخاصة.</subfield>
		</datafield>
		<datafield n="15" tag="866">
			<subfield code="">في المكتبة: ع.308-359 (1929: كانون الثاني 3 - كانون الاول 26)، ع.362 (1930: كانون الثاني 16)، ع.367 - 373 (1930: شباط 20 - نيسان 3)،ع.378-379 (1930:أيار8 -15)، ع.382- 385 (1930: حزيران5 - 26)،ع.387(1930: تموز 10)، ع.389 -390 (1930: تموز 24 - 31)، ع.394-396 (1930: آب28- أيلول 11-)،ع.398-399 (1930أيلول 25- تشرين الاول 2)، ع.401-410 (1930: تشرين الاول 16 - كانون الاول 18)، ع.412 (1931: كانون الثاني 1)، ع.414 - 416(1931: كانون الثاني 15- 29)، ع.318- 420 (1931: شباط 12 - 26)</subfield>
		</datafield>
		<datafield n="16" tag="362">
			<subfield code=""/>
		</datafield>
	</record>