
	<record type="Bibliographic">
		<datafield n="1" tag="">
			<subfield code="">b25836882</subfield>
		</datafield>
		<datafield n="2" tag="">
			<subfield code="">s  </subfield>
		</datafield>
		<datafield n="3" tag="008">
			<subfield code="">1898</subfield>
		</datafield>
		<datafield n="4" tag="008">
			<subfield code="">1906</subfield>
		</datafield>
		<datafield n="5" tag="245">
			<subfield code="a">الأيام :</subfield>
			<subfield code="b">جريدة سياسية حرة.</subfield>
		</datafield>
		<datafield n="6" tag="246">
			<subfield code="a">"Ayam$""Chronicle"""</subfield>
		</datafield>
		<datafield n="7" tag="222">
			<subfield code="a">الأيام </subfield>
		</datafield>
		<datafield n="8" tag="260">
			<subfield code="a"/>
			<subfield code="b"/>
			<subfield code="c"/>
		</datafield>
		<datafield n="9" tag="264">
			<subfield code="a">نيويورك :</subfield>
			<subfield code="b">[يوسف نعمان معلوف]،</subfield>
			<subfield code="c">1898-[1906]</subfield>
		</datafield>
		<datafield n="10" tag="300">
			<subfield code="">"مجلد : مصورات ؛ 46 سم"</subfield>
		</datafield>
		<datafield n="11" tag="310">
			<subfield code=""/>
		</datafield>
		<datafield n="12" tag="911">
			<subfield code="">CEASE</subfield>
		</datafield>
		<datafield n="13" tag="530">
			<subfield code=""/>
		</datafield>
		<datafield n="14" tag="590">
			<subfield code=""/>
		</datafield>
		<datafield n="15" tag="866">
			<subfield code="">في المكتبة : مج.1:ع.27-68(1898)</subfield>
		</datafield>
		<datafield n="16" tag="362">
			<subfield code="">تموز 1898.</subfield>
		</datafield>
	</record>