
	<record type="Bibliographic">
		<datafield n="1" tag="">
			<subfield code="">b1282253x</subfield>
		</datafield>
		<datafield n="2" tag="">
			<subfield code="">s  </subfield>
		</datafield>
		<datafield n="3" tag="008">
			<subfield code="">1911</subfield>
		</datafield>
		<datafield n="4" tag="008">
			<subfield code="">1928</subfield>
		</datafield>
		<datafield n="5" tag="245">
			<subfield code="a">الآثار :</subfield>
			<subfield code="b">مجلة عامة مصورة.</subfield>
		</datafield>
		<datafield n="6" tag="246">
			<subfield code="a">"al-Āthār :$""مجلة الآثار :""$""al-Athar"""</subfield>
		</datafield>
		<datafield n="7" tag="222">
			<subfield code="a">الآثار </subfield>
		</datafield>
		<datafield n="8" tag="260">
			<subfield code="a"/>
			<subfield code="b"/>
			<subfield code="c"/>
		</datafield>
		<datafield n="9" tag="264">
			<subfield code="a">زحلة :</subfield>
			<subfield code="b">عيسى اسكندر المعلوف،</subfield>
			<subfield code="c">1911-1928.</subfield>
		</datafield>
		<datafield n="10" tag="300">
			<subfield code="">5 مجلدات : مصورات</subfield>
		</datafield>
		<datafield n="11" tag="310">
			<subfield code=""/>
		</datafield>
		<datafield n="12" tag="911">
			<subfield code="">CEASE</subfield>
		</datafield>
		<datafield n="13" tag="530">
			<subfield code="">متوفر ايضاً على ميكروفيلم رقم : Mic-NA:000117</subfield>
		</datafield>
		<datafield n="14" tag="590">
			<subfield code="">"يوجد نسخة ثانية من ج 5.$""السنة الاولى نسخة على فوتوكوبي."""</subfield>
		</datafield>
		<datafield n="15" tag="866">
			<subfield code="">في المكتبة :مج.1-5(1912/1911، 1913/1912، 1927-1928)</subfield>
		</datafield>
		<datafield n="16" tag="362">
			<subfield code="">صدرت السنة الاولى 1911.</subfield>
		</datafield>
	</record>