
	<record type="Bibliographic">
		<datafield n="1" tag="">
			<subfield code="">b12818069</subfield>
		</datafield>
		<datafield n="2" tag="">
			<subfield code="">s  </subfield>
		</datafield>
		<datafield n="3" tag="008">
			<subfield code="">1928</subfield>
		</datafield>
		<datafield n="4" tag="008">
			<subfield code="">1930</subfield>
		</datafield>
		<datafield n="5" tag="245">
			<subfield code="a">البادية :</subfield>
			<subfield code="b">مجلة أدب وتاريخ وعلم وإجتماع.</subfield>
		</datafield>
		<datafield n="6" tag="246">
			<subfield code="a">al-Bādiyah :</subfield>
		</datafield>
		<datafield n="7" tag="222">
			<subfield code="a">البادية</subfield>
		</datafield>
		<datafield n="8" tag="260">
			<subfield code="a"/>
			<subfield code="b"/>
			<subfield code="c"/>
		</datafield>
		<datafield n="9" tag="264">
			<subfield code="a">بيروت :</subfield>
			<subfield code="b">نسيب داود أبو شقرا،</subfield>
			<subfield code="c">1928-1930.</subfield>
		</datafield>
		<datafield n="10" tag="300">
			<subfield code="">"2 مجلد : مصورات ؛ 23 سم"</subfield>
		</datafield>
		<datafield n="11" tag="310">
			<subfield code=""/>
		</datafield>
		<datafield n="12" tag="911">
			<subfield code="">CEASE</subfield>
		</datafield>
		<datafield n="13" tag="530">
			<subfield code="">متوفر ايضاً على ميكروفيلم : Mic-NA:000452</subfield>
		</datafield>
		<datafield n="14" tag="590">
			<subfield code="">ينقص العدد الثامن من السنة الثانية.</subfield>
		</datafield>
		<datafield n="15" tag="866">
			<subfield code="">في المكتبة: مج.1:ع.1-مج.2:ع.8/10(1928:تموز-1930:ايار، حزيران، تموز)</subfield>
		</datafield>
		<datafield n="16" tag="362">
			<subfield code="">صدر الجزء الاول من المجلد الاول في تموز سنة 1928.</subfield>
		</datafield>
	</record>