
	<record type="Bibliographic">
		<datafield n="1" tag="">
			<subfield code="">b1282124x</subfield>
		</datafield>
		<datafield n="2" tag="">
			<subfield code="">1  </subfield>
		</datafield>
		<datafield n="3" tag="008">
			<subfield code="">1908</subfield>
		</datafield>
		<datafield n="4" tag="008">
			<subfield code="">1932</subfield>
		</datafield>
		<datafield n="5" tag="245">
			<subfield code="a">البرق :</subfield>
			<subfield code="b">جريدة أدب وفن وسياسة.</subfield>
		</datafield>
		<datafield n="6" tag="246">
			<subfield code="a">"al-Barq :$""البرق :"""</subfield>
		</datafield>
		<datafield n="7" tag="222">
			<subfield code="a"/>
		</datafield>
		<datafield n="8" tag="260">
			<subfield code="a"/>
			<subfield code="b"/>
			<subfield code="c"/>
		</datafield>
		<datafield n="9" tag="264">
			<subfield code="a">بيروت :</subfield>
			<subfield code="b">بشارة عبد الله الخوري،</subfield>
			<subfield code="c">1908-1932.</subfield>
		</datafield>
		<datafield n="10" tag="300">
			<subfield code="">"21 بكرة ميكروفيلم : سلبي وايجابي ؛ 35 مم"</subfield>
		</datafield>
		<datafield n="11" tag="310">
			<subfield code=""/>
		</datafield>
		<datafield n="12" tag="911">
			<subfield code="">CEASE</subfield>
		</datafield>
		<datafield n="13" tag="530">
			<subfield code="">ايضاً متوفر على نسخة مطبوعة.</subfield>
		</datafield>
		<datafield n="14" tag="590">
			<subfield code="">نسخة مصورة على ميكروفيلم. تم التصوير في دائرة المصغرات الفلمية، مكتبة يافث التذكارية</subfield>
		</datafield>
		<datafield n="15" tag="866">
			<subfield code="">"في المكتبة:1908:أيلول-1914:آب29 ؛ 1918:تشرين الأول17-1919:تموز2؛ 1920:أيار11-1927:أيار3؛ 1929:كانون الثاني14-1932:تشرين الثاني23."</subfield>
		</datafield>
		<datafield n="16" tag="362">
			<subfield code="">صدر العدد الاول ايلول 1908.</subfield>
		</datafield>
	</record>