
	<record type="Bibliographic">
		<datafield n="1" tag="">
			<subfield code="">b12826613</subfield>
		</datafield>
		<datafield n="2" tag="">
			<subfield code="">s  </subfield>
		</datafield>
		<datafield n="3" tag="008">
			<subfield code="">1908</subfield>
		</datafield>
		<datafield n="4" tag="008">
			<subfield code="">1932</subfield>
		</datafield>
		<datafield n="5" tag="245">
			<subfield code="a">البرق :</subfield>
			<subfield code="b">جريدة أدب وفن وسياسة.</subfield>
		</datafield>
		<datafield n="6" tag="246">
			<subfield code="a">"al-Barq :$""البرق :"""</subfield>
		</datafield>
		<datafield n="7" tag="222">
			<subfield code="a">البرق</subfield>
		</datafield>
		<datafield n="8" tag="260">
			<subfield code="a"/>
			<subfield code="b"/>
			<subfield code="c"/>
		</datafield>
		<datafield n="9" tag="264">
			<subfield code="a">بيروت :</subfield>
			<subfield code="b">بشارة عبد الله الخوري،</subfield>
			<subfield code="c">1908-1932.</subfield>
		</datafield>
		<datafield n="10" tag="300">
			<subfield code="">مجلدات : مصورات</subfield>
		</datafield>
		<datafield n="11" tag="310">
			<subfield code="">أسبوعية.</subfield>
		</datafield>
		<datafield n="12" tag="911">
			<subfield code="">CEASE</subfield>
		</datafield>
		<datafield n="13" tag="530">
			<subfield code="">ايضاً متوفر على ميكروفيلم : Mic-NA:000049</subfield>
		</datafield>
		<datafield n="14" tag="590">
			<subfield code="">مجلد 22 : عدد 3365 ينقص الصفحات 5،6.</subfield>
		</datafield>
		<datafield n="15" tag="866">
			<subfield code="">"في المكتبة:مج.1-5(1908-1912)؛ مج.19:ع.2686، 2814(1926:كانون الأول، 1927:حزيران)؛ مج.20:ع.3045(1928:حزيران)؛ مج.21:ع.3335، 3339، 9953(1930:شباط، نيسان)؛ مج.22-23(1930-1932)"</subfield>
		</datafield>
		<datafield n="16" tag="362">
			<subfield code="">صدر العدد الاول ايلول 1908.</subfield>
		</datafield>
	</record>