
	<record type="Bibliographic">
		<datafield n="1" tag="">
			<subfield code="">b25756357</subfield>
		</datafield>
		<datafield n="2" tag="">
			<subfield code="">s  </subfield>
		</datafield>
		<datafield n="3" tag="008">
			<subfield code="">1870</subfield>
		</datafield>
		<datafield n="4" tag="008">
			<subfield code="">1945</subfield>
		</datafield>
		<datafield n="5" tag="245">
			<subfield code="a">البشير :</subfield>
			<subfield code="b">جريدة كاثوليكية دينية إخبارية.</subfield>
		</datafield>
		<datafield n="6" tag="246">
			<subfield code="a">Al-Bachir :</subfield>
		</datafield>
		<datafield n="7" tag="222">
			<subfield code="a">البشير</subfield>
		</datafield>
		<datafield n="8" tag="260">
			<subfield code="a"/>
			<subfield code="b"/>
			<subfield code="c"/>
		</datafield>
		<datafield n="9" tag="264">
			<subfield code="a">بيروت، لبنان :</subfield>
			<subfield code="b">المطبعة الكاثوليكية،</subfield>
			<subfield code="c">1870-1945.</subfield>
		</datafield>
		<datafield n="10" tag="300">
			<subfield code="">"أعداد : مصورات ؛ 57 سم"</subfield>
		</datafield>
		<datafield n="11" tag="310">
			<subfield code=""/>
		</datafield>
		<datafield n="12" tag="911">
			<subfield code="">CEASE</subfield>
		</datafield>
		<datafield n="13" tag="530">
			<subfield code="">متوفر أيضاً على ميكروفيلم Mic-NA:000054.</subfield>
		</datafield>
		<datafield n="14" tag="590">
			<subfield code=""/>
		</datafield>
		<datafield n="15" tag="866">
			<subfield code="">"في المكتبة : مج.58:ع.3732، 3819، 3828(1928: كانون الثاني، تموز، آب)؛ مج.59:ع.3925، 3998، 3999(1929:نيسان، أيلول)؛ مج.60:ع.4157،4191، 4211، 4251(1930:تشرين الأول، كانون الأول، 1931:شباط، أيار)؛ مج.62:ع.4307، 4397، 4398(1931:أيلول، نيسان)؛ مج.63:ع.4544(1933:آذار)"</subfield>
		</datafield>
		<datafield n="16" tag="362">
			<subfield code=""/>
		</datafield>
	</record>