
	<record type="Bibliographic">
		<datafield n="1" tag="">
			<subfield code="">b12823399</subfield>
		</datafield>
		<datafield n="2" tag="">
			<subfield code="">1  </subfield>
		</datafield>
		<datafield n="3" tag="008">
			<subfield code="">1929</subfield>
		</datafield>
		<datafield n="4" tag="008">
			<subfield code="">1947</subfield>
		</datafield>
		<datafield n="5" tag="245">
			<subfield code="a">البلاد :</subfield>
			<subfield code="b">جريدة يومية سياسية جامعة.</subfield>
		</datafield>
		<datafield n="6" tag="246">
			<subfield code="a">al-Bilād :</subfield>
		</datafield>
		<datafield n="7" tag="222">
			<subfield code="a">البلاد</subfield>
		</datafield>
		<datafield n="8" tag="260">
			<subfield code="a"/>
			<subfield code="b"/>
			<subfield code="c"/>
		</datafield>
		<datafield n="9" tag="264">
			<subfield code="a">بغداد :</subfield>
			<subfield code="b">دار البلاد،</subfield>
			<subfield code="c">1929-1947.</subfield>
		</datafield>
		<datafield n="10" tag="300">
			<subfield code="">"42 بكرة ميكروفيلم : سلبي وايجابي ؛ 35 مم"</subfield>
		</datafield>
		<datafield n="11" tag="310">
			<subfield code="">يومية.</subfield>
		</datafield>
		<datafield n="12" tag="911">
			<subfield code="">CEASE</subfield>
		</datafield>
		<datafield n="13" tag="530">
			<subfield code=""/>
		</datafield>
		<datafield n="14" tag="590">
			<subfield code="">نسخة مصورة على ميكروفيلم. تم التصوير في دائرة المصغرات الفلمية، مكتبة يافث التذكارية.</subfield>
		</datafield>
		<datafield n="15" tag="866">
			<subfield code="">في المكتبة :1929:آذار-1930:تشرين اول، 1934: كانون اول-1937:آب، 1939:كانون الثاني-1947:تشرين اول،1955:نيسان-1960:كانون اول.</subfield>
		</datafield>
		<datafield n="16" tag="362">
			<subfield code=""/>
		</datafield>
	</record>