
	<record type="Bibliographic">
		<datafield n="1" tag="">
			<subfield code="">b12818112</subfield>
		</datafield>
		<datafield n="2" tag="">
			<subfield code="">s  </subfield>
		</datafield>
		<datafield n="3" tag="008">
			<subfield code="">1897</subfield>
		</datafield>
		<datafield n="4" tag="008">
			<subfield code="">1898</subfield>
		</datafield>
		<datafield n="5" tag="245">
			<subfield code="a">البيان :</subfield>
			<subfield code="b">مجلة علمية أدبية طبية صناعية.</subfield>
		</datafield>
		<datafield n="6" tag="246">
			<subfield code="a">al-Bayān :</subfield>
		</datafield>
		<datafield n="7" tag="222">
			<subfield code="a">البيان</subfield>
		</datafield>
		<datafield n="8" tag="260">
			<subfield code="a"/>
			<subfield code="b"/>
			<subfield code="c"/>
		</datafield>
		<datafield n="9" tag="264">
			<subfield code="a">القاهرة :</subfield>
			<subfield code="b">دار البيان،</subfield>
			<subfield code="c">1897-1898.</subfield>
		</datafield>
		<datafield n="10" tag="300">
			<subfield code="">"مجلدات : مصورات ؛ 23 سم"</subfield>
		</datafield>
		<datafield n="11" tag="310">
			<subfield code="">شهرية.</subfield>
		</datafield>
		<datafield n="12" tag="911">
			<subfield code="">CEASE</subfield>
		</datafield>
		<datafield n="13" tag="530">
			<subfield code="">متوفر ايضاً على ميكروفيلم : Mic-NA:000448</subfield>
		</datafield>
		<datafield n="14" tag="590">
			<subfield code="">في المكتبة نسختين.</subfield>
		</datafield>
		<datafield n="15" tag="866">
			<subfield code="">في المكتبة :ج 1(1897-1898)</subfield>
		</datafield>
		<datafield n="16" tag="362">
			<subfield code=""/>
		</datafield>
	</record>