
	<record type="Bibliographic">
		<datafield n="1" tag="">
			<subfield code="">b12818136</subfield>
		</datafield>
		<datafield n="2" tag="">
			<subfield code="">s  </subfield>
		</datafield>
		<datafield n="3" tag="008">
			<subfield code="">1911</subfield>
		</datafield>
		<datafield n="4" tag="008">
			<subfield code="">1916</subfield>
		</datafield>
		<datafield n="5" tag="245">
			<subfield code="a">البيان :</subfield>
			<subfield code="b">مجلة جامعة.</subfield>
		</datafield>
		<datafield n="6" tag="246">
			<subfield code="a">"al-Bayān :$""مجلة البيان""$""البيان :""$""al-Bayan"""</subfield>
		</datafield>
		<datafield n="7" tag="222">
			<subfield code="a">البيان</subfield>
		</datafield>
		<datafield n="8" tag="260">
			<subfield code="a"/>
			<subfield code="b"/>
			<subfield code="c"/>
		</datafield>
		<datafield n="9" tag="264">
			<subfield code="a">مصر :</subfield>
			<subfield code="b">البيان،</subfield>
			<subfield code="c">1911-[1916]</subfield>
		</datafield>
		<datafield n="10" tag="300">
			<subfield code="">"3 مجلدات : مصورات ؛  23 سم"</subfield>
		</datafield>
		<datafield n="11" tag="310">
			<subfield code="">شهرية.</subfield>
		</datafield>
		<datafield n="12" tag="911">
			<subfield code="">CEASE</subfield>
		</datafield>
		<datafield n="13" tag="530">
			<subfield code="">متوفر ايضاً على ميكروفيلم : Mic-NA:000488</subfield>
		</datafield>
		<datafield n="14" tag="590">
			<subfield code=""/>
		</datafield>
		<datafield n="15" tag="866">
			<subfield code="">"في المكتبة: مج.1:ع.4-10(1911:تشرين الثاني-1912)؛ مج.2-4(1912:تشرين الثاني-1916:آذار)"</subfield>
		</datafield>
		<datafield n="16" tag="362">
			<subfield code="">صدر العدد الاول 1911.</subfield>
		</datafield>
	</record>