
	<record type="Bibliographic">
		<datafield n="1" tag="">
			<subfield code="">b23277427</subfield>
		</datafield>
		<datafield n="2" tag="">
			<subfield code="">s  </subfield>
		</datafield>
		<datafield n="3" tag="008">
			<subfield code="">1923</subfield>
		</datafield>
		<datafield n="4" tag="008">
			<subfield code="">1930</subfield>
		</datafield>
		<datafield n="5" tag="245">
			<subfield code="a">البيان :</subfield>
			<subfield code="b">جريدة مصورة.</subfield>
		</datafield>
		<datafield n="6" tag="246">
			<subfield code="a">البيان :</subfield>
		</datafield>
		<datafield n="7" tag="222">
			<subfield code="a">البيان</subfield>
		</datafield>
		<datafield n="8" tag="260">
			<subfield code="a"/>
			<subfield code="b"/>
			<subfield code="c"/>
		</datafield>
		<datafield n="9" tag="264">
			<subfield code="a">بيروت :</subfield>
			<subfield code="b">بطرس البستاني،</subfield>
			<subfield code="c">1923-1930.</subfield>
		</datafield>
		<datafield n="10" tag="300">
			<subfield code="">أسبوعية.</subfield>
		</datafield>
		<datafield n="11" tag="310">
			<subfield code=""/>
		</datafield>
		<datafield n="12" tag="911">
			<subfield code="">CEASE</subfield>
		</datafield>
		<datafield n="13" tag="530">
			<subfield code="">متوفر أيضاً على ميكروفيلم تحت رقم Mic-NA:000081.</subfield>
		</datafield>
		<datafield n="14" tag="590">
			<subfield code=""/>
		</datafield>
		<datafield n="15" tag="866">
			<subfield code="">في المكتبة:مج.1:ع.1-مج.8:ع.315، 317-323(1923:كانون الثاني-1930:تموز)</subfield>
		</datafield>
		<datafield n="16" tag="362">
			<subfield code="">1923-1930.</subfield>
		</datafield>
	</record>