
	<record type="Bibliographic">
		<datafield n="1" tag="">
			<subfield code="">b12822863</subfield>
		</datafield>
		<datafield n="2" tag="">
			<subfield code="">1  </subfield>
		</datafield>
		<datafield n="3" tag="008">
			<subfield code="">1911</subfield>
		</datafield>
		<datafield n="4" tag="008">
			<subfield code="">9999</subfield>
		</datafield>
		<datafield n="5" tag="245">
			<subfield code="a">البيرق.</subfield>
			<subfield code="b"/>
		</datafield>
		<datafield n="6" tag="246">
			<subfield code="a">al-Bayraq</subfield>
		</datafield>
		<datafield n="7" tag="222">
			<subfield code="a">البيرق</subfield>
		</datafield>
		<datafield n="8" tag="260">
			<subfield code="a"/>
			<subfield code="b"/>
			<subfield code="c"/>
		</datafield>
		<datafield n="9" tag="264">
			<subfield code="a">الحدث، لبنان :</subfield>
			<subfield code="b">[الشركة اللبنانية للصحافة]،</subfield>
			<subfield code="c">1911-</subfield>
		</datafield>
		<datafield n="10" tag="300">
			<subfield code="">"118 بكرة ميكروفيلم : سلبي وإيجابي ؛ 35 مم"</subfield>
		</datafield>
		<datafield n="11" tag="310">
			<subfield code="">يومية.</subfield>
		</datafield>
		<datafield n="12" tag="911">
			<subfield code="">ACTIV</subfield>
		</datafield>
		<datafield n="13" tag="530">
			<subfield code=""/>
		</datafield>
		<datafield n="14" tag="590">
			<subfield code="">نسخة مصورة على ميكروفيلم. تم التصوير في دائرة المصغرات الفلمية، مكتبة يافث التذكارية.</subfield>
		</datafield>
		<datafield n="15" tag="866">
			<subfield code="">في المكتبة :1911:آب-1912، 1923:نيسان، 1928:آب-1932:آب، 1933:آب -1936:آب ، 1937:شباط-آب، 1938:شباط-آب، 1947: شباط-آب، 1948: كانون الثاني-1960: كانون اول، 1962: كانون الثاني- 1963:كانون اول ،1978:ايار-1982:ايار، 1983: كانون الثاني -1994: نيسان</subfield>
		</datafield>
		<datafield n="16" tag="362">
			<subfield code=""/>
		</datafield>
	</record>