
	<record type="Bibliographic">
		<datafield n="1" tag="">
			<subfield code="">b14581784</subfield>
		</datafield>
		<datafield n="2" tag="">
			<subfield code="">s  </subfield>
		</datafield>
		<datafield n="3" tag="008">
			<subfield code="">1911</subfield>
		</datafield>
		<datafield n="4" tag="008">
			<subfield code="">9999</subfield>
		</datafield>
		<datafield n="5" tag="245">
			<subfield code="a">البيرق.</subfield>
			<subfield code="b"/>
		</datafield>
		<datafield n="6" tag="246">
			<subfield code="a">al-Bayraq</subfield>
		</datafield>
		<datafield n="7" tag="222">
			<subfield code="a">البيرق</subfield>
		</datafield>
		<datafield n="8" tag="260">
			<subfield code="a"/>
			<subfield code="b"/>
			<subfield code="c"/>
		</datafield>
		<datafield n="9" tag="264">
			<subfield code="a">الحدث، لبنان :</subfield>
			<subfield code="b">[الشركة اللبنانية للصحافة]،</subfield>
			<subfield code="c">1911-</subfield>
		</datafield>
		<datafield n="10" tag="300">
			<subfield code="">مجلدات : مصورات</subfield>
		</datafield>
		<datafield n="11" tag="310">
			<subfield code="">يومية.</subfield>
		</datafield>
		<datafield n="12" tag="911">
			<subfield code="">ACTIV</subfield>
		</datafield>
		<datafield n="13" tag="530">
			<subfield code="">تصور الاعداد الجارية شهرياً على ميكروفيلم.</subfield>
		</datafield>
		<datafield n="14" tag="590">
			<subfield code="">المكتبة تحتفظ بالشهر الجاري فقط. حتى يتم تصويره على ميكروفيلم.</subfield>
		</datafield>
		<datafield n="15" tag="866">
			<subfield code="">"في المكتبة: مج.8:ع.488(1948:تشرين الأول)؛ ع.4200(1959:تشرين الثاني)؛ مج.18:ع.420(1930:نيسان)؛ مج.19:ع.635(1931:شباط)؛ مج.21:ع.1048، 1049(1932:تشرين الأول)؛ ع.3011(1940:أيلول)؛1978:أيار-كانون الأول؛ 1979:نيسان-1980:كانون الأول؛ 1981:نيسان-كانون الأول؛ 1984:كانون الثاني-أيلول؛ 1986:كانون الثاني-آذار، تموز-كانون الأول؛ 1986:تموز-كانون الأول؛ 1988:نيسان-حزيران، تشرين الأول -كانون الأول؛ 1989كانون الثاني-آذار، تشرين الأول-كانون الأول؛ 1990:تموز-1992:أيلول؛ 2"</subfield>
		</datafield>
		<datafield n="16" tag="362">
			<subfield code=""/>
		</datafield>
	</record>