
	<record type="Bibliographic">
		<datafield n="1" tag="">
			<subfield code="">b12877475</subfield>
		</datafield>
		<datafield n="2" tag="">
			<subfield code="">s  </subfield>
		</datafield>
		<datafield n="3" tag="008">
			<subfield code="">1920</subfield>
		</datafield>
		<datafield n="4" tag="008">
			<subfield code="">1963</subfield>
		</datafield>
		<datafield n="5" tag="245">
			<subfield code="a">التجارة الخارجية للجمهورية العربية المتحدة /</subfield>
			<subfield code="b"/>
		</datafield>
		<datafield n="6" tag="246">
			<subfield code="a">"al-Tijārah al-khārijīyah lil-Jumhūrīyah al-‘Arabīyah al-Muttaḥidah$""النشرة السنوية عن التجارة الخارجية""$""Foreign trade of the U.A.R""$""Annual statement of the foreign trade of egypt during ..."""</subfield>
		</datafield>
		<datafield n="7" tag="222">
			<subfield code="a">التجارة الخارجية للجمهورية العربية المتحدة</subfield>
		</datafield>
		<datafield n="8" tag="260">
			<subfield code="a"/>
			<subfield code="b"/>
			<subfield code="c"/>
		</datafield>
		<datafield n="9" tag="264">
			<subfield code="a">القاهرة :</subfield>
			<subfield code="b">الجهاز المركزي للتعبئة العامة والإحصاء،</subfield>
			<subfield code="c">[1920-1963]</subfield>
		</datafield>
		<datafield n="10" tag="300">
			<subfield code="">"12 مجلد ؛ 34 سم"</subfield>
		</datafield>
		<datafield n="11" tag="310">
			<subfield code="">سنوية.</subfield>
		</datafield>
		<datafield n="12" tag="911">
			<subfield code="">CEASE</subfield>
		</datafield>
		<datafield n="13" tag="530">
			<subfield code=""/>
		</datafield>
		<datafield n="14" tag="590">
			<subfield code=""/>
		</datafield>
		<datafield n="15" tag="866">
			<subfield code="">في المكتبة:1923/1920-1931، 1951/1950-1959، 1963/1962.</subfield>
		</datafield>
		<datafield n="16" tag="362">
			<subfield code=""/>
		</datafield>
	</record>