
	<record type="Bibliographic">
		<datafield n="1" tag="">
			<subfield code="">b12818781</subfield>
		</datafield>
		<datafield n="2" tag="">
			<subfield code="">s  </subfield>
		</datafield>
		<datafield n="3" tag="008">
			<subfield code="">1927</subfield>
		</datafield>
		<datafield n="4" tag="008">
			<subfield code="">1927</subfield>
		</datafield>
		<datafield n="5" tag="245">
			<subfield code="a">التجدد.</subfield>
			<subfield code="b"/>
		</datafield>
		<datafield n="6" tag="246">
			<subfield code="a">al-Tajaddud</subfield>
		</datafield>
		<datafield n="7" tag="222">
			<subfield code="a">التجدد</subfield>
		</datafield>
		<datafield n="8" tag="260">
			<subfield code="a"/>
			<subfield code="b"/>
			<subfield code="c"/>
		</datafield>
		<datafield n="9" tag="264">
			<subfield code="a">[صافيتا، سوريا] :</subfield>
			<subfield code="b">[أديب ميخائيل الطيار]،</subfield>
			<subfield code="c">1927-[1927؟]</subfield>
		</datafield>
		<datafield n="10" tag="300">
			<subfield code="">"1 مجلد : مصورات ؛ 23 سم"</subfield>
		</datafield>
		<datafield n="11" tag="310">
			<subfield code="">شهرية.</subfield>
		</datafield>
		<datafield n="12" tag="911">
			<subfield code="">CEASE</subfield>
		</datafield>
		<datafield n="13" tag="530">
			<subfield code="">متوفر ايضاً على ميكروفيلم : Mic-NA:000411</subfield>
		</datafield>
		<datafield n="14" tag="590">
			<subfield code=""/>
		</datafield>
		<datafield n="15" tag="866">
			<subfield code="">في المكتبة:س.1:ع.1-5(1927:آذار-تموز)</subfield>
		</datafield>
		<datafield n="16" tag="362">
			<subfield code="">صدر العدد الاول في آذار 1927.</subfield>
		</datafield>
	</record>