
	<record type="Bibliographic">
		<datafield n="1" tag="">
			<subfield code="">b18350550</subfield>
		</datafield>
		<datafield n="2" tag="">
			<subfield code="">s  </subfield>
		</datafield>
		<datafield n="3" tag="008">
			<subfield code="">1904</subfield>
		</datafield>
		<datafield n="4" tag="008">
			<subfield code="">1906</subfield>
		</datafield>
		<datafield n="5" tag="245">
			<subfield code="a">التربية :</subfield>
			<subfield code="b">مجلة مدرسية.</subfield>
		</datafield>
		<datafield n="6" tag="246">
			<subfield code="a">"al-Tarbīyah :$""مجلة التربية"""</subfield>
		</datafield>
		<datafield n="7" tag="222">
			<subfield code="a">التربية</subfield>
		</datafield>
		<datafield n="8" tag="260">
			<subfield code="a"/>
			<subfield code="b"/>
			<subfield code="c"/>
		</datafield>
		<datafield n="9" tag="264">
			<subfield code="a">مصر :</subfield>
			<subfield code="b">[الناشر غير محدد]،</subfield>
			<subfield code="c">[1904-1906]</subfield>
		</datafield>
		<datafield n="10" tag="300">
			<subfield code="">"مجلدات ؛ 24 سم"</subfield>
		</datafield>
		<datafield n="11" tag="310">
			<subfield code="">شهرية.</subfield>
		</datafield>
		<datafield n="12" tag="911">
			<subfield code="">CEASE</subfield>
		</datafield>
		<datafield n="13" tag="530">
			<subfield code=""/>
		</datafield>
		<datafield n="14" tag="590">
			<subfield code="">تحفظ في دائرة المحفوظات والمجموعات الخاصة.</subfield>
		</datafield>
		<datafield n="15" tag="866">
			<subfield code="">في المكتبة:س.2:ع.1-ع.8(1905:تشرين الثاني-1906:أيار)</subfield>
		</datafield>
		<datafield n="16" tag="362">
			<subfield code="">[صدر العدد الاول حزيران 1904]</subfield>
		</datafield>
	</record>