
	<record type="Bibliographic">
		<datafield n="1" tag="">
			<subfield code="">b26013198</subfield>
		</datafield>
		<datafield n="2" tag="">
			<subfield code="">s  </subfield>
		</datafield>
		<datafield n="3" tag="008">
			<subfield code="">1908</subfield>
		</datafield>
		<datafield n="4" tag="008">
			<subfield code="">9999</subfield>
		</datafield>
		<datafield n="5" tag="245">
			<subfield code="a">التقدم :</subfield>
			<subfield code="b">جريدة يومية سياسية أدبية /</subfield>
		</datafield>
		<datafield n="6" tag="246">
			<subfield code="a">"التقدم :$""جريدة التقدم""$""Al-Takadoom :""$""Takadom""$""Takadum""$""Taqadom"""</subfield>
		</datafield>
		<datafield n="7" tag="222">
			<subfield code="a">التقدم</subfield>
		</datafield>
		<datafield n="8" tag="260">
			<subfield code="a"/>
			<subfield code="b"/>
			<subfield code="c"/>
		</datafield>
		<datafield n="9" tag="264">
			<subfield code="a">حلب، [سوريا] :</subfield>
			<subfield code="b">مطبعة التقدم،</subfield>
			<subfield code="c">1328 هـ. = 1908 م.-</subfield>
		</datafield>
		<datafield n="10" tag="300">
			<subfield code="">"880-05 مجلدات : مصورات ؛ 48 سم"</subfield>
		</datafield>
		<datafield n="11" tag="310">
			<subfield code="">يومية.</subfield>
		</datafield>
		<datafield n="12" tag="911">
			<subfield code="">CEASE</subfield>
		</datafield>
		<datafield n="13" tag="530">
			<subfield code=""/>
		</datafield>
		<datafield n="14" tag="590">
			<subfield code=""/>
		</datafield>
		<datafield n="15" tag="866">
			<subfield code="">"في المكتبة: مج.21،ع.2832،2860(1928)؛ مج.23،ع.3363-3364( 1930)"</subfield>
		</datafield>
		<datafield n="16" tag="362">
			<subfield code="">السنة الاولى العدد الاول 1908-</subfield>
		</datafield>
	</record>