
	<record type="Bibliographic">
		<datafield n="1" tag="">
			<subfield code="">b12820751</subfield>
		</datafield>
		<datafield n="2" tag="">
			<subfield code="">1  </subfield>
		</datafield>
		<datafield n="3" tag="008">
			<subfield code="">1874</subfield>
		</datafield>
		<datafield n="4" tag="008">
			<subfield code="">1885</subfield>
		</datafield>
		<datafield n="5" tag="245">
			<subfield code="a">التقدم.</subfield>
			<subfield code="b"/>
		</datafield>
		<datafield n="6" tag="246">
			<subfield code="a">al-Taqaddum</subfield>
		</datafield>
		<datafield n="7" tag="222">
			<subfield code="a">التقدم</subfield>
		</datafield>
		<datafield n="8" tag="260">
			<subfield code="a"/>
			<subfield code="b"/>
			<subfield code="c"/>
		</datafield>
		<datafield n="9" tag="264">
			<subfield code="a">بيروت :</subfield>
			<subfield code="b">[المطبعة الكلية]،</subfield>
			<subfield code="c">1874-1885.</subfield>
		</datafield>
		<datafield n="10" tag="300">
			<subfield code="">"بكرة ميكروفيلم : سلبي وايجابي ؛ 35 مم"</subfield>
		</datafield>
		<datafield n="11" tag="310">
			<subfield code=""/>
		</datafield>
		<datafield n="12" tag="911">
			<subfield code="">CEASE</subfield>
		</datafield>
		<datafield n="13" tag="530">
			<subfield code=""/>
		</datafield>
		<datafield n="14" tag="590">
			<subfield code="">نسخة مصورة على ميكروفيلم. تم التصوير في دائرة المصغرات الفلمية، مكتبة يافث التذكارية.</subfield>
		</datafield>
		<datafield n="15" tag="866">
			<subfield code="">في المكتبة :(1874:كانون الثاني -1875:حزيران ،1881:كانون الثاني-1885: كانون الاول)</subfield>
		</datafield>
		<datafield n="16" tag="362">
			<subfield code="">العدد الاول (:كانون الثاني1874)</subfield>
		</datafield>
	</record>