
	<record type="Bibliographic">
		<datafield n="1" tag="">
			<subfield code="">b13900109</subfield>
		</datafield>
		<datafield n="2" tag="">
			<subfield code="">s  </subfield>
		</datafield>
		<datafield n="3" tag="008">
			<subfield code="">1922</subfield>
		</datafield>
		<datafield n="4" tag="008">
			<subfield code="">19uu</subfield>
		</datafield>
		<datafield n="5" tag="245">
			<subfield code="a">التقرير الصحي السنوي لمديرية الصحة العامة /</subfield>
			<subfield code="b"/>
		</datafield>
		<datafield n="6" tag="246">
			<subfield code="a">al-Taqrīr al-ṣiḥḥī al-sanawī li-Mudīrīyat al-Ṣiḥḥah al-Āmmah</subfield>
		</datafield>
		<datafield n="7" tag="222">
			<subfield code="a">التقرير الصحي السنوي لمديرية الصحة العامة </subfield>
		</datafield>
		<datafield n="8" tag="260">
			<subfield code="a"/>
			<subfield code="b"/>
			<subfield code="c"/>
		</datafield>
		<datafield n="9" tag="264">
			<subfield code="a">بغداد :</subfield>
			<subfield code="b">وزارة الداخلية، مديرية الصحة العامة،</subfield>
			<subfield code="c">[1922-19؟؟]</subfield>
		</datafield>
		<datafield n="10" tag="300">
			<subfield code="">"مجلدات ؛ 32 سم"</subfield>
		</datafield>
		<datafield n="11" tag="310">
			<subfield code=""/>
		</datafield>
		<datafield n="12" tag="911">
			<subfield code="">CEASE</subfield>
		</datafield>
		<datafield n="13" tag="530">
			<subfield code=""/>
		</datafield>
		<datafield n="14" tag="590">
			<subfield code=""/>
		</datafield>
		<datafield n="15" tag="866">
			<subfield code="">في المكتبة:1922.</subfield>
		</datafield>
		<datafield n="16" tag="362">
			<subfield code="">يستند الوصف الى العام 1922.</subfield>
		</datafield>
	</record>