
	<record type="Bibliographic">
		<datafield n="1" tag="">
			<subfield code="">b12820076</subfield>
		</datafield>
		<datafield n="2" tag="">
			<subfield code="">s  </subfield>
		</datafield>
		<datafield n="3" tag="008">
			<subfield code="">1926</subfield>
		</datafield>
		<datafield n="4" tag="008">
			<subfield code="">1927</subfield>
		</datafield>
		<datafield n="5" tag="245">
			<subfield code="a">التقويم التونسي :</subfield>
			<subfield code="b">فلكي، جغرافي، تاريخي، أدبي، علمي، طبي، إقتصادي،  فلاحي، قانوني، سياسي، إدراي، تجاري، مشاهير الرجال، رجال العصر.</subfield>
		</datafield>
		<datafield n="6" tag="246">
			<subfield code="a">"التقويم السنوي :$""al-Taqwīm al-Tūnisī :"""</subfield>
		</datafield>
		<datafield n="7" tag="222">
			<subfield code="a">التقويم التونسي</subfield>
		</datafield>
		<datafield n="8" tag="260">
			<subfield code="a"/>
			<subfield code="b"/>
			<subfield code="c"/>
		</datafield>
		<datafield n="9" tag="264">
			<subfield code="a">تونس :</subfield>
			<subfield code="b">المطبعة الرسمية،</subfield>
			<subfield code="c">[1923-1927]</subfield>
		</datafield>
		<datafield n="10" tag="300">
			<subfield code="">"مجلدات : مصورات ؛ 24 سم"</subfield>
		</datafield>
		<datafield n="11" tag="310">
			<subfield code=""/>
		</datafield>
		<datafield n="12" tag="911">
			<subfield code="">CEASE</subfield>
		</datafield>
		<datafield n="13" tag="530">
			<subfield code=""/>
		</datafield>
		<datafield n="14" tag="590">
			<subfield code=""/>
		</datafield>
		<datafield n="15" tag="866">
			<subfield code="">في المكتبة :(1923-1924)، (1926 - 1927)</subfield>
		</datafield>
		<datafield n="16" tag="362">
			<subfield code=""/>
		</datafield>
	</record>