
	<record type="Bibliographic">
		<datafield n="1" tag="">
			<subfield code="">b12827198</subfield>
		</datafield>
		<datafield n="2" tag="">
			<subfield code="">s  </subfield>
		</datafield>
		<datafield n="3" tag="008">
			<subfield code="">1927</subfield>
		</datafield>
		<datafield n="4" tag="008">
			<subfield code="">1929</subfield>
		</datafield>
		<datafield n="5" tag="245">
			<subfield code="a">التمدن الإسلامي :</subfield>
			<subfield code="b">مجلة تبحث في الدين والأدب وشؤون الإجتماع.</subfield>
		</datafield>
		<datafield n="6" tag="246">
			<subfield code="a">al-Tamaddun al-islāmī :</subfield>
		</datafield>
		<datafield n="7" tag="222">
			<subfield code="a">التمدن الإسلامي</subfield>
		</datafield>
		<datafield n="8" tag="260">
			<subfield code="a"/>
			<subfield code="b"/>
			<subfield code="c"/>
		</datafield>
		<datafield n="9" tag="264">
			<subfield code="a">طرابلس :</subfield>
			<subfield code="b">عبد الحليم مراد،</subfield>
			<subfield code="c">1996.</subfield>
		</datafield>
		<datafield n="10" tag="300">
			<subfield code="">"1 مجلد ؛ 28 سم"</subfield>
		</datafield>
		<datafield n="11" tag="310">
			<subfield code="">نصف شهرية.</subfield>
		</datafield>
		<datafield n="12" tag="911">
			<subfield code="">CEASE</subfield>
		</datafield>
		<datafield n="13" tag="530">
			<subfield code="">ايضاً في المكتبة نسخة مصورة على ميكروفيلم رقم: Mic-NA:000539</subfield>
		</datafield>
		<datafield n="14" tag="590">
			<subfield code=""/>
		</datafield>
		<datafield n="15" tag="866">
			<subfield code="">في المكتبة:س.1:ج.2-س.2:ج.5(1927-1929)</subfield>
		</datafield>
		<datafield n="16" tag="362">
			<subfield code="">صدر العدد الاول سنة 1927.</subfield>
		</datafield>
	</record>