
	<record type="Bibliographic">
		<datafield n="1" tag="">
			<subfield code="">b1281880x</subfield>
		</datafield>
		<datafield n="2" tag="">
			<subfield code="">s  </subfield>
		</datafield>
		<datafield n="3" tag="008">
			<subfield code="">1926</subfield>
		</datafield>
		<datafield n="4" tag="008">
			<subfield code="">1927</subfield>
		</datafield>
		<datafield n="5" tag="245">
			<subfield code="a">التمدن.</subfield>
			<subfield code="b"/>
		</datafield>
		<datafield n="6" tag="246">
			<subfield code="a">"al-Tamaddun.$""مجلة التمدن."""</subfield>
		</datafield>
		<datafield n="7" tag="222">
			<subfield code="a">التمدن</subfield>
		</datafield>
		<datafield n="8" tag="260">
			<subfield code="a"/>
			<subfield code="b"/>
			<subfield code="c"/>
		</datafield>
		<datafield n="9" tag="264">
			<subfield code="a">توكومان، الارجنتين :</subfield>
			<subfield code="b">دار التمدن،</subfield>
			<subfield code="c">1926-1927.</subfield>
		</datafield>
		<datafield n="10" tag="300">
			<subfield code="">"1 مجلد : مصورات ؛ 25 سم"</subfield>
		</datafield>
		<datafield n="11" tag="310">
			<subfield code="">شهرية.</subfield>
		</datafield>
		<datafield n="12" tag="911">
			<subfield code="">CEASE</subfield>
		</datafield>
		<datafield n="13" tag="530">
			<subfield code="">متوفر ايضاً على ميكروفيلم :Mic-NA:000410</subfield>
		</datafield>
		<datafield n="14" tag="590">
			<subfield code=""/>
		</datafield>
		<datafield n="15" tag="866">
			<subfield code="">في المكتبة :مج. 1(1926:آب - 1927: ايار)</subfield>
		</datafield>
		<datafield n="16" tag="362">
			<subfield code="">صدر العدد الاول في آب 1926.</subfield>
		</datafield>
	</record>