
	<record type="Bibliographic">
		<datafield n="1" tag="">
			<subfield code="">b1281894x</subfield>
		</datafield>
		<datafield n="2" tag="">
			<subfield code="">s  </subfield>
		</datafield>
		<datafield n="3" tag="008">
			<subfield code="">1896</subfield>
		</datafield>
		<datafield n="4" tag="008">
			<subfield code="">1897</subfield>
		</datafield>
		<datafield n="5" tag="245">
			<subfield code="a">الثريا.</subfield>
			<subfield code="b"/>
		</datafield>
		<datafield n="6" tag="246">
			<subfield code="a">al-Thurayyā</subfield>
		</datafield>
		<datafield n="7" tag="222">
			<subfield code="a">الثريا </subfield>
		</datafield>
		<datafield n="8" tag="260">
			<subfield code="a"/>
			<subfield code="b"/>
			<subfield code="c"/>
		</datafield>
		<datafield n="9" tag="264">
			<subfield code="a">القاهرة :</subfield>
			<subfield code="b">إدوارد جدي،</subfield>
			<subfield code="c">1896-1897.</subfield>
		</datafield>
		<datafield n="10" tag="300">
			<subfield code="">1 مجلد : مصورات، 24 سم</subfield>
		</datafield>
		<datafield n="11" tag="310">
			<subfield code="">شهرية.</subfield>
		</datafield>
		<datafield n="12" tag="911">
			<subfield code="">CEASE</subfield>
		</datafield>
		<datafield n="13" tag="530">
			<subfield code="">متوفر ايضاً على ميكروفيلم : Mic-NA:000207</subfield>
		</datafield>
		<datafield n="14" tag="590">
			<subfield code=""/>
		</datafield>
		<datafield n="15" tag="866">
			<subfield code="">في المكتبة:مج.1(1896 - 1897)</subfield>
		</datafield>
		<datafield n="16" tag="362">
			<subfield code="">صدر العدد الاول سنة 1896.</subfield>
		</datafield>
	</record>