
	<record type="Bibliographic">
		<datafield n="1" tag="">
			<subfield code="">b23278493</subfield>
		</datafield>
		<datafield n="2" tag="">
			<subfield code="">s  </subfield>
		</datafield>
		<datafield n="3" tag="008">
			<subfield code="">1897</subfield>
		</datafield>
		<datafield n="4" tag="008">
			<subfield code="">190u</subfield>
		</datafield>
		<datafield n="5" tag="245">
			<subfield code="a">الثريا.</subfield>
			<subfield code="b"/>
		</datafield>
		<datafield n="6" tag="246">
			<subfield code="a">مجلة الثريا</subfield>
		</datafield>
		<datafield n="7" tag="222">
			<subfield code="a">الثريا</subfield>
		</datafield>
		<datafield n="8" tag="260">
			<subfield code="a"/>
			<subfield code="b"/>
			<subfield code="c"/>
		</datafield>
		<datafield n="9" tag="264">
			<subfield code="a">مصر :</subfield>
			<subfield code="b">[الناشر غير محدد]،</subfield>
			<subfield code="c">[1897-19؟0]</subfield>
		</datafield>
		<datafield n="10" tag="300">
			<subfield code="">"مجلد ؛ 24 سم"</subfield>
		</datafield>
		<datafield n="11" tag="310">
			<subfield code="">شهرية.</subfield>
		</datafield>
		<datafield n="12" tag="911">
			<subfield code="">CEASE</subfield>
		</datafield>
		<datafield n="13" tag="530">
			<subfield code=""/>
		</datafield>
		<datafield n="14" tag="590">
			<subfield code=""/>
		</datafield>
		<datafield n="15" tag="866">
			<subfield code="">في المكتبة:مج.5:ع.2-12(1902:آب-1903:آب)</subfield>
		</datafield>
		<datafield n="16" tag="362">
			<subfield code=""/>
		</datafield>
	</record>