
	<record type="Bibliographic">
		<datafield n="1" tag="">
			<subfield code="">b21208608</subfield>
		</datafield>
		<datafield n="2" tag="">
			<subfield code="">s  </subfield>
		</datafield>
		<datafield n="3" tag="008">
			<subfield code="">1914</subfield>
		</datafield>
		<datafield n="4" tag="008">
			<subfield code="">1920</subfield>
		</datafield>
		<datafield n="5" tag="245">
			<subfield code="a">الثمرة </subfield>
			<subfield code="b">مجلة تصدرها جمعية ثمرة الاستعدادية في الكلية /</subfield>
		</datafield>
		<datafield n="6" tag="246">
			<subfield code="a">"مجلة تصدرها جمعية ثمرة الاستعدادية في الكلية$""al-Thamarah :"""</subfield>
		</datafield>
		<datafield n="7" tag="222">
			<subfield code="a">الثمرة</subfield>
		</datafield>
		<datafield n="8" tag="260">
			<subfield code="a"/>
			<subfield code="b"/>
			<subfield code="c"/>
		</datafield>
		<datafield n="9" tag="264">
			<subfield code="a">بيروت :</subfield>
			<subfield code="b">الكلية السورية الانجيلية،</subfield>
			<subfield code="c">1914-1920.</subfield>
		</datafield>
		<datafield n="10" tag="300">
			<subfield code="">25 عدد.</subfield>
		</datafield>
		<datafield n="11" tag="310">
			<subfield code="">غير منتظمة الصدور.</subfield>
		</datafield>
		<datafield n="12" tag="911">
			<subfield code="">CEASE</subfield>
		</datafield>
		<datafield n="13" tag="530">
			<subfield code=""/>
		</datafield>
		<datafield n="14" tag="590">
			<subfield code="">"The volume is available in AUB Archives/AA.4.2.1Student/Student Manuscript Magazines Box 16.$""تحفظ في دائرة الارشيف والمجموعات الخاصة."""</subfield>
		</datafield>
		<datafield n="15" tag="866">
			<subfield code="">"في المكتبة: السنة 1 ع. 1-6 (1914)؛ السنة 2 ع. 3-7 (1915)؛ السنة 3 ع. 5-7 (1915-1916)؛ السنة 4 ع. 1-4 (1916-1917)؛[1918]؛ السنة [6] ع. 1-4 (1919)؛ السنة [7] ع. 1، 3-4 (1919-1920)."</subfield>
		</datafield>
		<datafield n="16" tag="362">
			<subfield code=""/>
		</datafield>
	</record>