
	<record type="Bibliographic">
		<datafield n="1" tag="">
			<subfield code="">b12826704</subfield>
		</datafield>
		<datafield n="2" tag="">
			<subfield code="">s  </subfield>
		</datafield>
		<datafield n="3" tag="008">
			<subfield code="">1922</subfield>
		</datafield>
		<datafield n="4" tag="008">
			<subfield code="">1928</subfield>
		</datafield>
		<datafield n="5" tag="245">
			<subfield code="a">الجالية :</subfield>
			<subfield code="b">مجلة عربية مصورة.</subfield>
		</datafield>
		<datafield n="6" tag="246">
			<subfield code="a">"al-Jāliyah :$""A colonia"""</subfield>
		</datafield>
		<datafield n="7" tag="222">
			<subfield code="a">الجالية</subfield>
		</datafield>
		<datafield n="8" tag="260">
			<subfield code="a"/>
			<subfield code="b"/>
			<subfield code="c"/>
		</datafield>
		<datafield n="9" tag="264">
			<subfield code="a">سان باولو :</subfield>
			<subfield code="b">سامي يواكيم الراسي،</subfield>
			<subfield code="c">1922-[1928]</subfield>
		</datafield>
		<datafield n="10" tag="300">
			<subfield code="">"مجلدات : مصورات ؛ 32 سم"</subfield>
		</datafield>
		<datafield n="11" tag="310">
			<subfield code="">أسبوعية.</subfield>
		</datafield>
		<datafield n="12" tag="911">
			<subfield code="">CEASE</subfield>
		</datafield>
		<datafield n="13" tag="530">
			<subfield code="">متوفر ايضاً على ميكروفيلم : Mic-NA:000519</subfield>
		</datafield>
		<datafield n="14" tag="590">
			<subfield code=""/>
		</datafield>
		<datafield n="15" tag="866">
			<subfield code="">في المكتبة :مج. 2-7(1923-1928)</subfield>
		</datafield>
		<datafield n="16" tag="362">
			<subfield code=""/>
		</datafield>
	</record>