
	<record type="Bibliographic">
		<datafield n="1" tag="">
			<subfield code="">b13168642</subfield>
		</datafield>
		<datafield n="2" tag="">
			<subfield code="">s  </subfield>
		</datafield>
		<datafield n="3" tag="008">
			<subfield code="">1899</subfield>
		</datafield>
		<datafield n="4" tag="008">
			<subfield code="">1910</subfield>
		</datafield>
		<datafield n="5" tag="245">
			<subfield code="a">الجامعة :</subfield>
			<subfield code="b">مجلة علمية اجتماعية تاريخية ادبية.</subfield>
		</datafield>
		<datafield n="6" tag="246">
			<subfield code="a">"al-Jāmi‘ah :$""al-Jamyat""$""الجامعة :"""</subfield>
		</datafield>
		<datafield n="7" tag="222">
			<subfield code="a">الجامعة</subfield>
		</datafield>
		<datafield n="8" tag="260">
			<subfield code="a"/>
			<subfield code="b"/>
			<subfield code="c"/>
		</datafield>
		<datafield n="9" tag="264">
			<subfield code="a">الإسكندرية :</subfield>
			<subfield code="b">فرح أنطون،</subfield>
			<subfield code="c">1899-1910.</subfield>
		</datafield>
		<datafield n="10" tag="300">
			<subfield code="">مجلدات : مصورات</subfield>
		</datafield>
		<datafield n="11" tag="310">
			<subfield code="">شهرية.</subfield>
		</datafield>
		<datafield n="12" tag="911">
			<subfield code="">CEASE</subfield>
		</datafield>
		<datafield n="13" tag="530">
			<subfield code="">نسخة ثانية ج 1-3 على ميكروفيلم رقم Mic-NA:000006</subfield>
		</datafield>
		<datafield n="14" tag="590">
			<subfield code="">"في المكتبة نسختين من الاجزاء التالية: ج 2 (1900/1901): ج 3(1901/1902): ج 4(1903/1904): ج 6(1908): ج.7(1909)$""تحفظ الموجودات في دائرة الارشيف والمجموعات الخاصة"""</subfield>
		</datafield>
		<datafield n="15" tag="866">
			<subfield code="">في المكتبة :مج. 1-7 (1899:آذار-1908:تشرين الثاني)</subfield>
		</datafield>
		<datafield n="16" tag="362">
			<subfield code="">صدرت سنة 1899.</subfield>
		</datafield>
	</record>