
	<record type="Bibliographic">
		<datafield n="1" tag="">
			<subfield code="">b12830859</subfield>
		</datafield>
		<datafield n="2" tag="">
			<subfield code="">s  </subfield>
		</datafield>
		<datafield n="3" tag="008">
			<subfield code="">1928</subfield>
		</datafield>
		<datafield n="4" tag="008">
			<subfield code="">1931</subfield>
		</datafield>
		<datafield n="5" tag="245">
			<subfield code="a">الجديد :</subfield>
			<subfield code="b">مجلة سياسية عامة.</subfield>
		</datafield>
		<datafield n="6" tag="246">
			<subfield code="a">"al-Jadīd :$""al-Gadid"""</subfield>
		</datafield>
		<datafield n="7" tag="222">
			<subfield code="a">الجديد</subfield>
		</datafield>
		<datafield n="8" tag="260">
			<subfield code="a"/>
			<subfield code="b"/>
			<subfield code="c"/>
		</datafield>
		<datafield n="9" tag="264">
			<subfield code="a">القاهرة :</subfield>
			<subfield code="b">محمد المرصفي،</subfield>
			<subfield code="c">1928-[1931]</subfield>
		</datafield>
		<datafield n="10" tag="300">
			<subfield code="">"4 مجلدات : مصورات ؛ 27 سم"</subfield>
		</datafield>
		<datafield n="11" tag="310">
			<subfield code="">اسبوعية.</subfield>
		</datafield>
		<datafield n="12" tag="911">
			<subfield code="">CEASE</subfield>
		</datafield>
		<datafield n="13" tag="530">
			<subfield code="">متوفر ايضاً على ميكروفيلم : Mic-NA:000320</subfield>
		</datafield>
		<datafield n="14" tag="590">
			<subfield code="">"ينقص من سنة 1928 الاعداد 6، 9، 11، 15، 17-18، 20، 23$""ينقص من سنة 1929 الاعداد 26، 29، 32، 33، 35، 36، 38-41""$""ينقص من سنة 1930 الاعداد 50-52، 66-68."""</subfield>
		</datafield>
		<datafield n="15" tag="866">
			<subfield code="">في المكتبة:1928-1931:يوليو 30.</subfield>
		</datafield>
		<datafield n="16" tag="362">
			<subfield code="">صدرت سنة 1928.</subfield>
		</datafield>
	</record>