
	<record type="Bibliographic">
		<datafield n="1" tag="">
			<subfield code="">b12823284</subfield>
		</datafield>
		<datafield n="2" tag="">
			<subfield code="">1  </subfield>
		</datafield>
		<datafield n="3" tag="008">
			<subfield code="">1907</subfield>
		</datafield>
		<datafield n="4" tag="008">
			<subfield code="">1914</subfield>
		</datafield>
		<datafield n="5" tag="245">
			<subfield code="a">الجريدة (القاهرة).</subfield>
			<subfield code="b"/>
		</datafield>
		<datafield n="6" tag="246">
			<subfield code="a">al-Jarīdah (al-Qāhirah)</subfield>
		</datafield>
		<datafield n="7" tag="222">
			<subfield code="a">الجريدة (القاهرة)</subfield>
		</datafield>
		<datafield n="8" tag="260">
			<subfield code="a"/>
			<subfield code="b"/>
			<subfield code="c"/>
		</datafield>
		<datafield n="9" tag="264">
			<subfield code="a">القاهرة :</subfield>
			<subfield code="b">[أحمد لطفي السيد]،</subfield>
			<subfield code="c">1907-1914.</subfield>
		</datafield>
		<datafield n="10" tag="300">
			<subfield code="">"22 بكرة ميكروفيلم : سلبي وايجابي ؛ 35 مم"</subfield>
		</datafield>
		<datafield n="11" tag="310">
			<subfield code=""/>
		</datafield>
		<datafield n="12" tag="911">
			<subfield code="">CEASE</subfield>
		</datafield>
		<datafield n="13" tag="530">
			<subfield code=""/>
		</datafield>
		<datafield n="14" tag="590">
			<subfield code="">نسخة مصورة على ميكروفيلم. تم التصوير في دائرة المصغرات الفلمية، مكتبة يافث التذكارية</subfield>
		</datafield>
		<datafield n="15" tag="866">
			<subfield code="">"في المكتبة:1907:آذار-كانون الأول؛ 1908:كانون الثاني-تشرين الثاني؛ 1909:آذار-كانون الأول؛ 1910:كانون الثاني-آذار، تموز-كانون الاول؛ 1911:كانون الثاني-1912:كانون الأول؛ 1913:كانون الثاني-حزيران؛ 1914:كانون الثاني-ايلول."</subfield>
		</datafield>
		<datafield n="16" tag="362">
			<subfield code="">صدرت السنة الأولى العدد الأول آذار 1907.</subfield>
		</datafield>
	</record>