
	<record type="Bibliographic">
		<datafield n="1" tag="">
			<subfield code="">b12829626</subfield>
		</datafield>
		<datafield n="2" tag="">
			<subfield code="">s  </subfield>
		</datafield>
		<datafield n="3" tag="008">
			<subfield code="">1924</subfield>
		</datafield>
		<datafield n="4" tag="008">
			<subfield code="">9999</subfield>
		</datafield>
		<datafield n="5" tag="245">
			<subfield code="a">الجريدة الرسمية للمملكة الأردنية الهاشمية /</subfield>
			<subfield code="b"/>
		</datafield>
		<datafield n="6" tag="246">
			<subfield code="a">"al-Jarīdah al-rasmīyah lil-Mamlakah al-Urdunīyah al-Hāshimīyah$""الجريدة الرسمية لامارة شرق الاردن"""</subfield>
		</datafield>
		<datafield n="7" tag="222">
			<subfield code="a">الجريدة الرسمية للمملكة الأردنية الهاشمية</subfield>
		</datafield>
		<datafield n="8" tag="260">
			<subfield code="a"/>
			<subfield code="b"/>
			<subfield code="c"/>
		</datafield>
		<datafield n="9" tag="264">
			<subfield code="a">عمان، الاردن :</subfield>
			<subfield code="b">رئاسة الوزراء، مديرية الجريدة الرسمية،</subfield>
			<subfield code="c">[1924]-</subfield>
		</datafield>
		<datafield n="10" tag="300">
			<subfield code="">"مجلدات ؛ 34 سم"</subfield>
		</datafield>
		<datafield n="11" tag="310">
			<subfield code="">أسبوعية.</subfield>
		</datafield>
		<datafield n="12" tag="911">
			<subfield code="">CEASE</subfield>
		</datafield>
		<datafield n="13" tag="530">
			<subfield code=""/>
		</datafield>
		<datafield n="14" tag="590">
			<subfield code="">ينقص القسم الثاني من 1958-1962، والقسم الثالث من 1960 و1962، 1963 في مجلد واحد. 1964 في مجلدين وفهرس</subfield>
		</datafield>
		<datafield n="15" tag="866">
			<subfield code="">في المكتبة:1932-1980.</subfield>
		</datafield>
		<datafield n="16" tag="362">
			<subfield code=""/>
		</datafield>
	</record>