
	<record type="Bibliographic">
		<datafield n="1" tag="">
			<subfield code="">b12824070</subfield>
		</datafield>
		<datafield n="2" tag="">
			<subfield code="">s  </subfield>
		</datafield>
		<datafield n="3" tag="008">
			<subfield code="">1870</subfield>
		</datafield>
		<datafield n="4" tag="008">
			<subfield code="">1886</subfield>
		</datafield>
		<datafield n="5" tag="245">
			<subfield code="a">الجنان.</subfield>
			<subfield code="b"/>
		</datafield>
		<datafield n="6" tag="246">
			<subfield code="a">"al-Jinān$""مجلة الجنان"""</subfield>
		</datafield>
		<datafield n="7" tag="222">
			<subfield code="a">الجنان</subfield>
		</datafield>
		<datafield n="8" tag="260">
			<subfield code="a"/>
			<subfield code="b"/>
			<subfield code="c"/>
		</datafield>
		<datafield n="9" tag="264">
			<subfield code="a">بيروت :</subfield>
			<subfield code="b">[بطرس البستاني]،</subfield>
			<subfield code="c">1870-[1886]</subfield>
		</datafield>
		<datafield n="10" tag="300">
			<subfield code="">"مجلدات ؛ 26 سم"</subfield>
		</datafield>
		<datafield n="11" tag="310">
			<subfield code=""/>
		</datafield>
		<datafield n="12" tag="911">
			<subfield code="">CEASE</subfield>
		</datafield>
		<datafield n="13" tag="530">
			<subfield code="">في المكتبة ايضاً نسخة مصورة على ميكروفيلم رقم: Mic-NA:000336</subfield>
		</datafield>
		<datafield n="14" tag="590">
			<subfield code="">المجلدات 1-16(1870-1885) تحفظ في دائرة الارشيف والمجموعات الخاصة. نسخة ثانية من المجلدات 3،6-9 على رفوف الدوريات العربية</subfield>
		</datafield>
		<datafield n="15" tag="866">
			<subfield code="">في المكتبة :مج. 1-16(1870:كانون الثاني- 1886:آذار)</subfield>
		</datafield>
		<datafield n="16" tag="362">
			<subfield code="">صدر العدد الاول  كانون الثاني 1870.</subfield>
		</datafield>
	</record>