
	<record type="Bibliographic">
		<datafield n="1" tag="">
			<subfield code="">b12821044</subfield>
		</datafield>
		<datafield n="2" tag="">
			<subfield code="">1  </subfield>
		</datafield>
		<datafield n="3" tag="008">
			<subfield code="">1868</subfield>
		</datafield>
		<datafield n="4" tag="008">
			<subfield code="">1887</subfield>
		</datafield>
		<datafield n="5" tag="245">
			<subfield code="a">الجوائب.</subfield>
			<subfield code="b"/>
		</datafield>
		<datafield n="6" tag="246">
			<subfield code="a">al-Jawā’ib</subfield>
		</datafield>
		<datafield n="7" tag="222">
			<subfield code="a">الجوائب</subfield>
		</datafield>
		<datafield n="8" tag="260">
			<subfield code="a"/>
			<subfield code="b"/>
			<subfield code="c"/>
		</datafield>
		<datafield n="9" tag="264">
			<subfield code="a">الآستانة :</subfield>
			<subfield code="b">أحمد فارس الشدياق،</subfield>
			<subfield code="c">1868-1884.</subfield>
		</datafield>
		<datafield n="10" tag="300">
			<subfield code="">"4 بكرة ميكروفيلم : سلبي وايجابي ؛ 35 مم"</subfield>
		</datafield>
		<datafield n="11" tag="310">
			<subfield code=""/>
		</datafield>
		<datafield n="12" tag="911">
			<subfield code="">CEASE</subfield>
		</datafield>
		<datafield n="13" tag="530">
			<subfield code=""/>
		</datafield>
		<datafield n="14" tag="590">
			<subfield code="">نسخة مصورة على ميكروفيلم. تم التصوير في دائرة المصغرات الفلمية، مكتبة يافث التذكارية.</subfield>
		</datafield>
		<datafield n="15" tag="866">
			<subfield code="">في المكتبة:1868:كانون الثاني-1873، 1877: كانون الثاني- 1879، 1880:كانون الثاني-1884:آذار.</subfield>
		</datafield>
		<datafield n="16" tag="362">
			<subfield code=""/>
		</datafield>
	</record>