
	<record type="Bibliographic">
		<datafield n="1" tag="">
			<subfield code="">b12818434</subfield>
		</datafield>
		<datafield n="2" tag="">
			<subfield code="">1  </subfield>
		</datafield>
		<datafield n="3" tag="008">
			<subfield code="">1923</subfield>
		</datafield>
		<datafield n="4" tag="008">
			<subfield code="">1956</subfield>
		</datafield>
		<datafield n="5" tag="245">
			<subfield code="a">الحارس :</subfield>
			<subfield code="b">تبحث في السياسة والعلم والآداب والزراعة والتجارة.</subfield>
		</datafield>
		<datafield n="6" tag="246">
			<subfield code="a">"al-Ḥāris :$""al-Haress""$""مجلة الحارس""$""الحارس :"""</subfield>
		</datafield>
		<datafield n="7" tag="222">
			<subfield code="a">الحارس</subfield>
		</datafield>
		<datafield n="8" tag="260">
			<subfield code="a"/>
			<subfield code="b"/>
			<subfield code="c"/>
		</datafield>
		<datafield n="9" tag="264">
			<subfield code="a">بيروت :</subfield>
			<subfield code="b">المطبعة اللبنانية،</subfield>
			<subfield code="c">1923-1956.</subfield>
		</datafield>
		<datafield n="10" tag="300">
			<subfield code="">"بكرة ميكروفيلم : سلبي وايجابي ؛ 35 مم"</subfield>
		</datafield>
		<datafield n="11" tag="310">
			<subfield code="">شهرية.</subfield>
		</datafield>
		<datafield n="12" tag="911">
			<subfield code="">CEASE</subfield>
		</datafield>
		<datafield n="13" tag="530">
			<subfield code="">متوفر ايضاً على نسخة مطبوعة.</subfield>
		</datafield>
		<datafield n="14" tag="590">
			<subfield code="">نسخة مصورة على ميكروفيلم. تم التصوير في دائرة المصغرات الفلمية، مكتبة يافث التذكارية.</subfield>
		</datafield>
		<datafield n="15" tag="866">
			<subfield code="">في المكتبة :مج. 1-14(1923: ايار15-1930: تموز، 1952:آذار-1954:ايار)</subfield>
		</datafield>
		<datafield n="16" tag="362">
			<subfield code="">صدرت السنة الاولى الجزء 1923.</subfield>
		</datafield>
	</record>