
	<record type="Bibliographic">
		<datafield n="1" tag="">
			<subfield code="">b12823442</subfield>
		</datafield>
		<datafield n="2" tag="">
			<subfield code="">s  </subfield>
		</datafield>
		<datafield n="3" tag="008">
			<subfield code="">1923</subfield>
		</datafield>
		<datafield n="4" tag="008">
			<subfield code="">1956</subfield>
		</datafield>
		<datafield n="5" tag="245">
			<subfield code="a">الحارس :</subfield>
			<subfield code="b">تبحث في السياسة والعلم والآداب والزراعة والتجارة.</subfield>
		</datafield>
		<datafield n="6" tag="246">
			<subfield code="a">"al-Ḥāris :$""al-Haress""$""مجلة الحارس""$""الحارس :"""</subfield>
		</datafield>
		<datafield n="7" tag="222">
			<subfield code="a">الحارس</subfield>
		</datafield>
		<datafield n="8" tag="260">
			<subfield code="a"/>
			<subfield code="b"/>
			<subfield code="c"/>
		</datafield>
		<datafield n="9" tag="264">
			<subfield code="a">بيروت :</subfield>
			<subfield code="b">المطبعة اللبنانية،</subfield>
			<subfield code="c">1923-1956.</subfield>
		</datafield>
		<datafield n="10" tag="300">
			<subfield code="">مجلدات</subfield>
		</datafield>
		<datafield n="11" tag="310">
			<subfield code="">شهرية.</subfield>
		</datafield>
		<datafield n="12" tag="911">
			<subfield code="">CEASE</subfield>
		</datafield>
		<datafield n="13" tag="530">
			<subfield code="">متوفر ايضاً على ميكروفليم : Mic-NA:000181</subfield>
		</datafield>
		<datafield n="14" tag="590">
			<subfield code="">"تنقص المجموعة التالي : ج 14 سنة 1956/1955 تنقص العدد 10؛ ج 15 سنة 1957/1956 تنقص العدد 1-2، 7-12؛ ج 4 سنة 1927-1926 تنقص الاعداد 7 و10؛ ج 5 سنة 1928/1927 تنقص الاعداد 5، 7 و8؛ ج 8 سنة 1931/1930 تنقص الاعداد 3 و4 و10"</subfield>
		</datafield>
		<datafield n="15" tag="866">
			<subfield code="">في المكتبة: مج.1-15(1923-1957)</subfield>
		</datafield>
		<datafield n="16" tag="362">
			<subfield code="">صدرت السنة الاولى الجزء 1923.</subfield>
		</datafield>
	</record>