
	<record type="Bibliographic">
		<datafield n="1" tag="">
			<subfield code="">b13581752</subfield>
		</datafield>
		<datafield n="2" tag="">
			<subfield code="">1  </subfield>
		</datafield>
		<datafield n="3" tag="008">
			<subfield code="">1927</subfield>
		</datafield>
		<datafield n="4" tag="008">
			<subfield code="">1959</subfield>
		</datafield>
		<datafield n="5" tag="245">
			<subfield code="a">الحديث :</subfield>
			<subfield code="b">تبحث في الآداب والتاريخ والعلوم الإجتماعية.</subfield>
		</datafield>
		<datafield n="6" tag="246">
			<subfield code="a">"al-Ḥadīth :$""مجلة الحديث"""</subfield>
		</datafield>
		<datafield n="7" tag="222">
			<subfield code="a">الحديث</subfield>
		</datafield>
		<datafield n="8" tag="260">
			<subfield code="a"/>
			<subfield code="b"/>
			<subfield code="c"/>
		</datafield>
		<datafield n="9" tag="264">
			<subfield code="a">حلب :</subfield>
			<subfield code="b">سامي الكيالي،</subfield>
			<subfield code="c">1927-1959.</subfield>
		</datafield>
		<datafield n="10" tag="300">
			<subfield code="">"بكرة ميكروفيلم : سلبي وايجابي ؛ 35 مم"</subfield>
		</datafield>
		<datafield n="11" tag="310">
			<subfield code="">شهرية.</subfield>
		</datafield>
		<datafield n="12" tag="911">
			<subfield code="">CEASE</subfield>
		</datafield>
		<datafield n="13" tag="530">
			<subfield code="">متوفر ايضاً على نسخة مطبوعة.</subfield>
		</datafield>
		<datafield n="14" tag="590">
			<subfield code="">"ج 22، 1948 ينقص الاعداد (1،5،6،7،8،9،10)$""ج 29، 1955 ينقص الاعداد (3،4،7،8)""$""نسخة مصورة على ميكروفيلم. تم الصوير في مكتبة يافث، دائرة المصغرات الفلمية."""</subfield>
		</datafield>
		<datafield n="15" tag="866">
			<subfield code="">في المكتبة:مج. 1-33 (1927:كانون الثاني-1959:تشرين الاول)</subfield>
		</datafield>
		<datafield n="16" tag="362">
			<subfield code="">صدر العدد الاول السنة الاولى كانون الثاني 1927.</subfield>
		</datafield>
	</record>