
	<record type="Bibliographic">
		<datafield n="1" tag="">
			<subfield code="">b13653611</subfield>
		</datafield>
		<datafield n="2" tag="">
			<subfield code="">1  </subfield>
		</datafield>
		<datafield n="3" tag="008">
			<subfield code="">1900</subfield>
		</datafield>
		<datafield n="4" tag="008">
			<subfield code="">1903</subfield>
		</datafield>
		<datafield n="5" tag="245">
			<subfield code="a">الحديقة :</subfield>
			<subfield code="b">جريدة علمية أدبية فكاهية تصدر مرة كل أسبوعين /</subfield>
		</datafield>
		<datafield n="6" tag="246">
			<subfield code="a">"جريدة علمية أدبية فكاهية تصدر مرة كل أسبوعين$""al-Ḥadīqah :"""</subfield>
		</datafield>
		<datafield n="7" tag="222">
			<subfield code="a">الحديقة</subfield>
		</datafield>
		<datafield n="8" tag="260">
			<subfield code="a"/>
			<subfield code="b"/>
			<subfield code="c"/>
		</datafield>
		<datafield n="9" tag="264">
			<subfield code="a">بيروت :</subfield>
			<subfield code="b">المدرسة الكلية السورية الإنجيلية،</subfield>
			<subfield code="c">1900-1903.</subfield>
		</datafield>
		<datafield n="10" tag="300">
			<subfield code="">"2 بكرة ميكروفيلم : سلبي وايجابي ؛ 35 مم"</subfield>
		</datafield>
		<datafield n="11" tag="310">
			<subfield code=""/>
		</datafield>
		<datafield n="12" tag="911">
			<subfield code="">CEASE</subfield>
		</datafield>
		<datafield n="13" tag="530">
			<subfield code="">متوفر ايضاً على نسخة مطبوعة.</subfield>
		</datafield>
		<datafield n="14" tag="590">
			<subfield code="">نسخة مصورة على ميكروفيلم، تم التصوير في دائرة المصغرات الفلمية، مكتبة يافث التذكارية</subfield>
		</datafield>
		<datafield n="15" tag="866">
			<subfield code="">"في المكتبة:1902:كانون الثاني-حزيران؛ 1903:كانون الثاني-حزيران."</subfield>
		</datafield>
		<datafield n="16" tag="362">
			<subfield code=""/>
		</datafield>
	</record>