
	<record type="Bibliographic">
		<datafield n="1" tag="">
			<subfield code="">b1365374x</subfield>
		</datafield>
		<datafield n="2" tag="">
			<subfield code="">s  </subfield>
		</datafield>
		<datafield n="3" tag="008">
			<subfield code="">1900</subfield>
		</datafield>
		<datafield n="4" tag="008">
			<subfield code="">1903</subfield>
		</datafield>
		<datafield n="5" tag="245">
			<subfield code="a">الحديقة :</subfield>
			<subfield code="b">جريدة علمية أدبية فكاهية تصدر مرة كل أسبوعين /</subfield>
		</datafield>
		<datafield n="6" tag="246">
			<subfield code="a">"al-Ḥadīqah :$""جريدة علمية أدبية فكاهية تصدر مرة كل أسبوعين"""</subfield>
		</datafield>
		<datafield n="7" tag="222">
			<subfield code="a">الحديقة</subfield>
		</datafield>
		<datafield n="8" tag="260">
			<subfield code="a"/>
			<subfield code="b"/>
			<subfield code="c"/>
		</datafield>
		<datafield n="9" tag="264">
			<subfield code="a">بيروت :</subfield>
			<subfield code="b">المدرسة الكلية السورية الإنجيلية،</subfield>
			<subfield code="c">1900-1903.</subfield>
		</datafield>
		<datafield n="10" tag="300">
			<subfield code="">2 مجلدات</subfield>
		</datafield>
		<datafield n="11" tag="310">
			<subfield code=""/>
		</datafield>
		<datafield n="12" tag="911">
			<subfield code="">CEASE</subfield>
		</datafield>
		<datafield n="13" tag="530">
			<subfield code="">متوفر ايضاً على ميكروفيلم رقم: Mic-P:AUB:000004</subfield>
		</datafield>
		<datafield n="14" tag="590">
			<subfield code="">"The volume is available in AUB Archives/AA.4.2.1Student/Student Manuscript Magazines Box 4.$""الاعداد محفوظة في دائرة الارشيف والمجموعات الخاصة (مكتبة يافث التذكارية)"""</subfield>
		</datafield>
		<datafield n="15" tag="866">
			<subfield code="">في المكتبة : س.3-4(1902:كانون الثاني،21-1903:كانون الثاني،20)</subfield>
		</datafield>
		<datafield n="16" tag="362">
			<subfield code=""/>
		</datafield>
	</record>