
	<record type="Bibliographic">
		<datafield n="1" tag="">
			<subfield code="">b12829985</subfield>
		</datafield>
		<datafield n="2" tag="">
			<subfield code="">s  </subfield>
		</datafield>
		<datafield n="3" tag="008">
			<subfield code="">1896</subfield>
		</datafield>
		<datafield n="4" tag="008">
			<subfield code="">1953</subfield>
		</datafield>
		<datafield n="5" tag="245">
			<subfield code="a">الحساب الختامي لسنة ... /</subfield>
			<subfield code="b"/>
		</datafield>
		<datafield n="6" tag="246">
			<subfield code="a">"al-Ḥisāb al-khitāmī li-sanat ...$""حساب ختامي عن مصالح المالية سنة ..."""</subfield>
		</datafield>
		<datafield n="7" tag="222">
			<subfield code="a">الحساب الختامي لسنة ...</subfield>
		</datafield>
		<datafield n="8" tag="260">
			<subfield code="a"/>
			<subfield code="b"/>
			<subfield code="c"/>
		</datafield>
		<datafield n="9" tag="264">
			<subfield code="a">القاهرة :</subfield>
			<subfield code="b">وزارة المالية والإقتصاد،</subfield>
			<subfield code="c">[1896-1953]</subfield>
		</datafield>
		<datafield n="10" tag="300">
			<subfield code="">22 مجلد</subfield>
		</datafield>
		<datafield n="11" tag="310">
			<subfield code="">سنوية.</subfield>
		</datafield>
		<datafield n="12" tag="911">
			<subfield code="">CEASE</subfield>
		</datafield>
		<datafield n="13" tag="530">
			<subfield code=""/>
		</datafield>
		<datafield n="14" tag="590">
			<subfield code=""/>
		</datafield>
		<datafield n="15" tag="866">
			<subfield code="">في المكتبة:1896-1903، 1927/1926-1928/1927، 1931/1930، 1933/1932، 1945/1944-1953/1952.</subfield>
		</datafield>
		<datafield n="16" tag="362">
			<subfield code=""/>
		</datafield>
	</record>