
	<record type="Bibliographic">
		<datafield n="1" tag="">
			<subfield code="">b12828543</subfield>
		</datafield>
		<datafield n="2" tag="">
			<subfield code="">1  </subfield>
		</datafield>
		<datafield n="3" tag="008">
			<subfield code="">1910</subfield>
		</datafield>
		<datafield n="4" tag="008">
			<subfield code="">1912</subfield>
		</datafield>
		<datafield n="5" tag="245">
			<subfield code="a">الحقائق.</subfield>
			<subfield code="b"/>
		</datafield>
		<datafield n="6" tag="246">
			<subfield code="a">al-Ḥaqā’iq</subfield>
		</datafield>
		<datafield n="7" tag="222">
			<subfield code="a">الحقائق</subfield>
		</datafield>
		<datafield n="8" tag="260">
			<subfield code="a"/>
			<subfield code="b"/>
			<subfield code="c"/>
		</datafield>
		<datafield n="9" tag="264">
			<subfield code="a">دمشق :</subfield>
			<subfield code="b">عبد القادر بن محمد سليم الكيلاني الإسكندراني،</subfield>
			<subfield code="c">1910-1912.</subfield>
		</datafield>
		<datafield n="10" tag="300">
			<subfield code="">"1 بكرة ميكروفيلم : سلبي وايجابي ؛ 16 مم"</subfield>
		</datafield>
		<datafield n="11" tag="310">
			<subfield code=""/>
		</datafield>
		<datafield n="12" tag="911">
			<subfield code="">CEASE‎</subfield>
		</datafield>
		<datafield n="13" tag="530">
			<subfield code="">متوفر ايضاً على نسخة مطبوعة.</subfield>
		</datafield>
		<datafield n="14" tag="590">
			<subfield code="">نسخة مصورة على ميكروفيلم. تم التصوير في دائرة المصغرات الفلمية، مكتبة يافث التذكارية، 1996.</subfield>
		</datafield>
		<datafield n="15" tag="866">
			<subfield code="">في المكتبة:1910:آب-1912:تشرين الأول.</subfield>
		</datafield>
		<datafield n="16" tag="362">
			<subfield code="">صدر الجزء الاول المجلد الاول آب 1910.</subfield>
		</datafield>
	</record>