
	<record type="Bibliographic">
		<datafield n="1" tag="">
			<subfield code="">b2537591x</subfield>
		</datafield>
		<datafield n="2" tag="">
			<subfield code="">s  </subfield>
		</datafield>
		<datafield n="3" tag="008">
			<subfield code="">1913</subfield>
		</datafield>
		<datafield n="4" tag="008">
			<subfield code="">193u</subfield>
		</datafield>
		<datafield n="5" tag="245">
			<subfield code="a">الحكمة :</subfield>
			<subfield code="b">مجلة دينية أدبية تاريخية إخبارية /</subfield>
		</datafield>
		<datafield n="6" tag="246">
			<subfield code="a">"Hikmat$""Wisdom"""</subfield>
		</datafield>
		<datafield n="7" tag="222">
			<subfield code="a">الحكمة</subfield>
		</datafield>
		<datafield n="8" tag="260">
			<subfield code="a"/>
			<subfield code="b"/>
			<subfield code="c"/>
		</datafield>
		<datafield n="9" tag="264">
			<subfield code="a">القدس، فلسطين :</subfield>
			<subfield code="b">دير مار مرقس للسريان الأرثوذكس،</subfield>
			<subfield code="c">[1913], 1927-[193؟]</subfield>
		</datafield>
		<datafield n="10" tag="300">
			<subfield code="">"مجلدات : مصورات ؛ 24 سم"</subfield>
		</datafield>
		<datafield n="11" tag="310">
			<subfield code="">فصلية، &lt;تشرين الأول  1990-&gt;</subfield>
		</datafield>
		<datafield n="12" tag="911">
			<subfield code="">CEASE</subfield>
		</datafield>
		<datafield n="13" tag="530">
			<subfield code=""/>
		</datafield>
		<datafield n="14" tag="590">
			<subfield code=""/>
		</datafield>
		<datafield n="15" tag="866">
			<subfield code="">"في المكتبة: مج.2:ع.2، 4، 5، 9(1927:تشرين الثاني، 1928:كانون الثاني، شباط، حزيران)؛ مج.3:ع.5-8(1929:أيار-تشرين الأول)؛ مج.4:ع.1، 2، 4(1930:كانون الثاني، شباط، نيسان)؛ مج.5:ع.1-2، 4، 5، 7، 9-10(1931:كانون الثاني-آذار، نيسان، حزيران، أيلول، تشرين الثاني- كانون الأول)"</subfield>
		</datafield>
		<datafield n="16" tag="362">
			<subfield code=""/>
		</datafield>
	</record>