
	<record type="Bibliographic">
		<datafield n="1" tag="">
			<subfield code="">b26029212</subfield>
		</datafield>
		<datafield n="2" tag="">
			<subfield code="">s  </subfield>
		</datafield>
		<datafield n="3" tag="008">
			<subfield code="">1911</subfield>
		</datafield>
		<datafield n="4" tag="008">
			<subfield code="">1955</subfield>
		</datafield>
		<datafield n="5" tag="245">
			<subfield code="a">الحوادث :</subfield>
			<subfield code="b">جريدة سياسية إخبارية أدبية /</subfield>
		</datafield>
		<datafield n="6" tag="246">
			<subfield code="a">"الحوادث :$""الحوادث :""$""al-Hawadés""$""al-Hawadeth""$""Ḥawādith""$""al-Ḥawādith :"""</subfield>
		</datafield>
		<datafield n="7" tag="222">
			<subfield code="a">الحوادث</subfield>
		</datafield>
		<datafield n="8" tag="260">
			<subfield code="a"/>
			<subfield code="b"/>
			<subfield code="c"/>
		</datafield>
		<datafield n="9" tag="264">
			<subfield code="a">بيروت :</subfield>
			<subfield code="b">لطف الله خلاط،</subfield>
			<subfield code="c">1911-1955.</subfield>
		</datafield>
		<datafield n="10" tag="300">
			<subfield code="">"880-05 مجلدات : مصورات ؛ 56 سم"</subfield>
		</datafield>
		<datafield n="11" tag="310">
			<subfield code="">نصف أسبوعية.</subfield>
		</datafield>
		<datafield n="12" tag="911">
			<subfield code="">CEASE</subfield>
		</datafield>
		<datafield n="13" tag="530">
			<subfield code=""/>
		</datafield>
		<datafield n="14" tag="590">
			<subfield code=""/>
		</datafield>
		<datafield n="15" tag="866">
			<subfield code="">في المكتبة : ع.1505، 1509-1511(1931:كانون الثاني، شباط)</subfield>
		</datafield>
		<datafield n="16" tag="362">
			<subfield code="">1911-1955</subfield>
		</datafield>
	</record>