
	<record type="Bibliographic">
		<datafield n="1" tag="">
			<subfield code="">b23273537</subfield>
		</datafield>
		<datafield n="2" tag="">
			<subfield code="">s  </subfield>
		</datafield>
		<datafield n="3" tag="008">
			<subfield code="">1920</subfield>
		</datafield>
		<datafield n="4" tag="008">
			<subfield code="">1925</subfield>
		</datafield>
		<datafield n="5" tag="245">
			<subfield code="a">الحياة الجديدة :</subfield>
			<subfield code="b">مجلة أخلاقية علمية.</subfield>
		</datafield>
		<datafield n="6" tag="246">
			<subfield code="a"/>
		</datafield>
		<datafield n="7" tag="222">
			<subfield code="a">الحياة الجديدة</subfield>
		</datafield>
		<datafield n="8" tag="260">
			<subfield code="a"/>
			<subfield code="b"/>
			<subfield code="c"/>
		</datafield>
		<datafield n="9" tag="264">
			<subfield code="a">بيروت، لبنان :</subfield>
			<subfield code="b">المطبعة الوطنية،</subfield>
			<subfield code="c">1920-[1925]</subfield>
		</datafield>
		<datafield n="10" tag="300">
			<subfield code="">"مجلد : مصورات ؛ 23 سم"</subfield>
		</datafield>
		<datafield n="11" tag="310">
			<subfield code=""/>
		</datafield>
		<datafield n="12" tag="911">
			<subfield code="">CEASE</subfield>
		</datafield>
		<datafield n="13" tag="530">
			<subfield code=""/>
		</datafield>
		<datafield n="14" tag="590">
			<subfield code=""/>
		</datafield>
		<datafield n="15" tag="866">
			<subfield code="">في المكتبة: مج.2:ع.1(1923:تشرين الثاني)</subfield>
		</datafield>
		<datafield n="16" tag="362">
			<subfield code="">1920-1925.</subfield>
		</datafield>
	</record>