
	<record type="Bibliographic">
		<datafield n="1" tag="">
			<subfield code="">b2327718x</subfield>
		</datafield>
		<datafield n="2" tag="">
			<subfield code="">s  </subfield>
		</datafield>
		<datafield n="3" tag="008">
			<subfield code="">1919</subfield>
		</datafield>
		<datafield n="4" tag="008">
			<subfield code="">1927</subfield>
		</datafield>
		<datafield n="5" tag="245">
			<subfield code="a">الخدر :</subfield>
			<subfield code="b">مجلة نسائية علمية ادبية.</subfield>
		</datafield>
		<datafield n="6" tag="246">
			<subfield code="a">al-Khidr :</subfield>
		</datafield>
		<datafield n="7" tag="222">
			<subfield code="a">الخدر</subfield>
		</datafield>
		<datafield n="8" tag="260">
			<subfield code="a"/>
			<subfield code="b"/>
			<subfield code="c"/>
		</datafield>
		<datafield n="9" tag="264">
			<subfield code="a">بيروت :</subfield>
			<subfield code="b">[عفيفة فندي صعب]،</subfield>
			<subfield code="c">1919-1927.</subfield>
		</datafield>
		<datafield n="10" tag="300">
			<subfield code="">مجلدات.</subfield>
		</datafield>
		<datafield n="11" tag="310">
			<subfield code=""/>
		</datafield>
		<datafield n="12" tag="911">
			<subfield code="">CEASE</subfield>
		</datafield>
		<datafield n="13" tag="530">
			<subfield code="">متوفر أيضاً على ميكروفليم Mic-NA:000050</subfield>
		</datafield>
		<datafield n="14" tag="590">
			<subfield code=""/>
		</datafield>
		<datafield n="15" tag="866">
			<subfield code="">"في المكتبة: مج.3:ع.8(1922:شباط)؛ مج.5:ع.6، 8، 9، 11(1923:كانون الأول، 1924:شباط، آذار، أيار)؛ مج.6:ع.1-11(1924:تموز-1925:حزيران)؛ مج.7:ع.1، 2، 4- 10(1925:تشرين الأول، تشرين الثاني، 1926:كانون الثاني-تموز)؛ مج.8:ع.1، 2، 5-9(1927:كانون الثاني، شباط، أيار-أيلول)"</subfield>
		</datafield>
		<datafield n="16" tag="362">
			<subfield code="">العدد الأول (تموز 1919)</subfield>
		</datafield>
	</record>