
	<record type="Bibliographic">
		<datafield n="1" tag="">
			<subfield code="">b23273586</subfield>
		</datafield>
		<datafield n="2" tag="">
			<subfield code="">s  </subfield>
		</datafield>
		<datafield n="3" tag="008">
			<subfield code="">1900</subfield>
		</datafield>
		<datafield n="4" tag="008">
			<subfield code="">19uu</subfield>
		</datafield>
		<datafield n="5" tag="245">
			<subfield code="a">الدائرة :</subfield>
			<subfield code="b">مجلة أدبية تاريخية فكاهية.</subfield>
		</datafield>
		<datafield n="6" tag="246">
			<subfield code="a">"The Circle :$""AD-Dairat"""</subfield>
		</datafield>
		<datafield n="7" tag="222">
			<subfield code="a">الدائرة</subfield>
		</datafield>
		<datafield n="8" tag="260">
			<subfield code="a"/>
			<subfield code="b"/>
			<subfield code="c"/>
		</datafield>
		<datafield n="9" tag="264">
			<subfield code="a">نيويورك :</subfield>
			<subfield code="b">مطبعة جريدة مرآة الغرب،</subfield>
			<subfield code="c">1900-[19؟؟]</subfield>
		</datafield>
		<datafield n="10" tag="300">
			<subfield code="">"مجلد ؛ 25 سم"</subfield>
		</datafield>
		<datafield n="11" tag="310">
			<subfield code="">مرتين في الشهر.</subfield>
		</datafield>
		<datafield n="12" tag="911">
			<subfield code="">CEASE</subfield>
		</datafield>
		<datafield n="13" tag="530">
			<subfield code=""/>
		</datafield>
		<datafield n="14" tag="590">
			<subfield code=""/>
		</datafield>
		<datafield n="15" tag="866">
			<subfield code="">في المكتبة: مج.1:ع.1، 3-7، 10/11(1900:أيار، حزيران-تموز، تشرين الأول)</subfield>
		</datafield>
		<datafield n="16" tag="362">
			<subfield code="">السنة الأولى، العدد الأول (أيار 1900)</subfield>
		</datafield>
	</record>