
	<record type="Bibliographic">
		<datafield n="1" tag="">
			<subfield code="">b13157759</subfield>
		</datafield>
		<datafield n="2" tag="">
			<subfield code="">1  </subfield>
		</datafield>
		<datafield n="3" tag="008">
			<subfield code="">1923</subfield>
		</datafield>
		<datafield n="4" tag="008">
			<subfield code="">9999</subfield>
		</datafield>
		<datafield n="5" tag="245">
			<subfield code="a">الدبور :</subfield>
			<subfield code="b">جريدة سياسية انتقادية فكاهية مصورة.</subfield>
		</datafield>
		<datafield n="6" tag="246">
			<subfield code="a">al-Dabūr :</subfield>
		</datafield>
		<datafield n="7" tag="222">
			<subfield code="a">الدبور</subfield>
		</datafield>
		<datafield n="8" tag="260">
			<subfield code="a"/>
			<subfield code="b"/>
			<subfield code="c"/>
		</datafield>
		<datafield n="9" tag="264">
			<subfield code="a">بيروت :</subfield>
			<subfield code="b">مطبعة الهدى،</subfield>
			<subfield code="c">1923-</subfield>
		</datafield>
		<datafield n="10" tag="300">
			<subfield code="">"1 بكرة ميكروفيلم : سلبي وايجابي ؛ 35 مم"</subfield>
		</datafield>
		<datafield n="11" tag="310">
			<subfield code=""/>
		</datafield>
		<datafield n="12" tag="911">
			<subfield code="">CEASE</subfield>
		</datafield>
		<datafield n="13" tag="530">
			<subfield code=""/>
		</datafield>
		<datafield n="14" tag="590">
			<subfield code="">"نسخة مصورة على ميكروفيلم. تم التصوير في دائرة المصغرات الفلمية، مكتبة يافث التذكارية، 2000.$""Ceased coming."""</subfield>
		</datafield>
		<datafield n="15" tag="866">
			<subfield code="">في المكتبة:1927:كانون الثاني -1932:كانون الاول،1934: كانون الثاني-1935:كانون اول ، 1937:كانون الثاني -1961:حزيران.</subfield>
		</datafield>
		<datafield n="16" tag="362">
			<subfield code="">صدرت في اول كانون الثاني 1923.</subfield>
		</datafield>
	</record>