
	<record type="Bibliographic">
		<datafield n="1" tag="">
			<subfield code="">b12818161</subfield>
		</datafield>
		<datafield n="2" tag="">
			<subfield code="">s  </subfield>
		</datafield>
		<datafield n="3" tag="008">
			<subfield code="">1928</subfield>
		</datafield>
		<datafield n="4" tag="008">
			<subfield code="">1933</subfield>
		</datafield>
		<datafield n="5" tag="245">
			<subfield code="a">الدليل :</subfield>
			<subfield code="b">مجلة شهرية جامعة تعنى بالشؤون الإقتصادية والعمرانية.</subfield>
		</datafield>
		<datafield n="6" tag="246">
			<subfield code="a">"al-Dalīl :$""Ad-Dalil"""</subfield>
		</datafield>
		<datafield n="7" tag="222">
			<subfield code="a">الدليل</subfield>
		</datafield>
		<datafield n="8" tag="260">
			<subfield code="a"/>
			<subfield code="b"/>
			<subfield code="c"/>
		</datafield>
		<datafield n="9" tag="264">
			<subfield code="a">سان باولو، برازيل :</subfield>
			<subfield code="b">توفيق فضل الله ضعون،</subfield>
			<subfield code="c">1928-[1933]</subfield>
		</datafield>
		<datafield n="10" tag="300">
			<subfield code="">"6 مجلدات : مصورات ؛ 31 سم"</subfield>
		</datafield>
		<datafield n="11" tag="310">
			<subfield code="">شهرية.</subfield>
		</datafield>
		<datafield n="12" tag="911">
			<subfield code="">CEASE</subfield>
		</datafield>
		<datafield n="13" tag="530">
			<subfield code="">متوفر ايضاً على ميكروفيلم : Mic-NA:000493</subfield>
		</datafield>
		<datafield n="14" tag="590">
			<subfield code=""/>
		</datafield>
		<datafield n="15" tag="866">
			<subfield code="">في المكتبة:مج.1-6(1928:نيسان-1933:أيلول)</subfield>
		</datafield>
		<datafield n="16" tag="362">
			<subfield code="">صدر الجزء الاول السنة الاولى نيسان سنة 1928.</subfield>
		</datafield>
	</record>