
	<record type="Bibliographic">
		<datafield n="1" tag="">
			<subfield code="">b13375167</subfield>
		</datafield>
		<datafield n="2" tag="">
			<subfield code="">1  </subfield>
		</datafield>
		<datafield n="3" tag="008">
			<subfield code="">1918</subfield>
		</datafield>
		<datafield n="4" tag="008">
			<subfield code="">1988</subfield>
		</datafield>
		<datafield n="5" tag="245">
			<subfield code="a">الدليل الهجائي للقوانين والمراسيم والقرارات المنشورة في الجريدة الرسمية خلال ... /</subfield>
			<subfield code="b"/>
		</datafield>
		<datafield n="6" tag="246">
			<subfield code="a">"al-Dalīl al-hijāʼī lil-qawānīn wa-al-marāsīm wa al-qarārāt al-manshūrah fī al-Jarīdah al-rasmīyah khilāla ...$""فهرس القوانين والمراسيم والقرارات المنشورة في الجريدة الرسمية"""</subfield>
		</datafield>
		<datafield n="7" tag="222">
			<subfield code="a">الدليل الهجائي للقوانين والمراسيم والقرارات المنشورة في الجريدة الرسمية خلال عام ...</subfield>
		</datafield>
		<datafield n="8" tag="260">
			<subfield code="a"/>
			<subfield code="b"/>
			<subfield code="c"/>
		</datafield>
		<datafield n="9" tag="264">
			<subfield code="a">بيروت :</subfield>
			<subfield code="b">مؤسسة المحفوظات الوطنية،</subfield>
			<subfield code="c">1918-1988.</subfield>
		</datafield>
		<datafield n="10" tag="300">
			<subfield code="">"1 بكرة ميكروفيلم ؛ 35 مم"</subfield>
		</datafield>
		<datafield n="11" tag="310">
			<subfield code=""/>
		</datafield>
		<datafield n="12" tag="911">
			<subfield code="">CEASE</subfield>
		</datafield>
		<datafield n="13" tag="530">
			<subfield code="">متوفر ايضاً على نسخة مطبوعة.</subfield>
		</datafield>
		<datafield n="14" tag="590">
			<subfield code="">نسخة مصورة على ميكروفيلم. تم التصوير في دائرة المصغرات الفلمية، مكتبة يافث التذكارية</subfield>
		</datafield>
		<datafield n="15" tag="866">
			<subfield code="">في المكتبة :(1918-1988)</subfield>
		</datafield>
		<datafield n="16" tag="362">
			<subfield code="">صدرت سنة 1947.</subfield>
		</datafield>
	</record>