
	<record type="Bibliographic">
		<datafield n="1" tag="">
			<subfield code="">b25541171</subfield>
		</datafield>
		<datafield n="2" tag="">
			<subfield code="">s  </subfield>
		</datafield>
		<datafield n="3" tag="008">
			<subfield code="">1925</subfield>
		</datafield>
		<datafield n="4" tag="008">
			<subfield code="">1939</subfield>
		</datafield>
		<datafield n="5" tag="245">
			<subfield code="a">الدنيا وكل شيء /</subfield>
			<subfield code="b"/>
		</datafield>
		<datafield n="6" tag="246">
			<subfield code="a">ADDUNIA</subfield>
		</datafield>
		<datafield n="7" tag="222">
			<subfield code="a">الدنيا وكل شيء</subfield>
		</datafield>
		<datafield n="8" tag="260">
			<subfield code="a"/>
			<subfield code="b"/>
			<subfield code="c"/>
		</datafield>
		<datafield n="9" tag="264">
			<subfield code="a">القاهرة، مصر :</subfield>
			<subfield code="b">دار الهلال،</subfield>
			<subfield code="c">1925-1939.</subfield>
		</datafield>
		<datafield n="10" tag="300">
			<subfield code="">"مجلدات : مصورات ؛ 42 سم"</subfield>
		</datafield>
		<datafield n="11" tag="310">
			<subfield code="">أسبوعية.</subfield>
		</datafield>
		<datafield n="12" tag="911">
			<subfield code="">CEASE</subfield>
		</datafield>
		<datafield n="13" tag="530">
			<subfield code=""/>
		</datafield>
		<datafield n="14" tag="590">
			<subfield code=""/>
		</datafield>
		<datafield n="15" tag="866">
			<subfield code="">"في المكتبة: ع.157-178(1928-1929)؛ ع.251(1930:آب)؛ ع.301(1931:آب)؛ ع.330، 370(1932:آذار، كانون الأول)؛ ع.421(1933:تشرين الثاني)؛ ع.463(1934:أيلول)؛ ع.498(1935:أيار)؛ ع.646(1938:آذار)"</subfield>
		</datafield>
		<datafield n="16" tag="362">
			<subfield code=""/>
		</datafield>
	</record>