
	<record type="Bibliographic">
		<datafield n="1" tag="">
			<subfield code="">b12818197</subfield>
		</datafield>
		<datafield n="2" tag="">
			<subfield code="">s  </subfield>
		</datafield>
		<datafield n="3" tag="008">
			<subfield code="">1927</subfield>
		</datafield>
		<datafield n="4" tag="008">
			<subfield code="">1931</subfield>
		</datafield>
		<datafield n="5" tag="245">
			<subfield code="a">الذكرى :</subfield>
			<subfield code="b">مجلة المدرسة الداودية /</subfield>
		</datafield>
		<datafield n="6" tag="246">
			<subfield code="a">"al-Dhikrá :$""الذكرى :""$""مجلة المدرسة الداودية :""$""الذكرى :"""</subfield>
		</datafield>
		<datafield n="7" tag="222">
			<subfield code="a">الذكرى</subfield>
		</datafield>
		<datafield n="8" tag="260">
			<subfield code="a"/>
			<subfield code="b"/>
			<subfield code="c"/>
		</datafield>
		<datafield n="9" tag="264">
			<subfield code="a">عبيه، لبنان :</subfield>
			<subfield code="b">المدرسة الداودية،</subfield>
			<subfield code="c">1927-[1931]</subfield>
		</datafield>
		<datafield n="10" tag="300">
			<subfield code="">"مجلدات : مصورات ؛ 22 سم"</subfield>
		</datafield>
		<datafield n="11" tag="310">
			<subfield code="">شهرية.</subfield>
		</datafield>
		<datafield n="12" tag="911">
			<subfield code="">CEASE</subfield>
		</datafield>
		<datafield n="13" tag="530">
			<subfield code="">"الاعداد التي صدرت تحت عنوان  مجلة المدرسة الداودية : علمية اجتماعية مدرسية  متوفرة ايضاً على ميكروفيلم : Mic-NA:000449$""الاعداد التي صدرت تحت عنوان   الذكرى : مجلة المدرسة الداودية  متوفرة ايضاً على ميكروفيلم : Mic-NA:000450"""</subfield>
		</datafield>
		<datafield n="14" tag="590">
			<subfield code=""/>
		</datafield>
		<datafield n="15" tag="866">
			<subfield code="">"في المكتبة: مج.1(1927:آب-كانون الاول)؛ مج.2:ع.4، 5(1928:نيسان، أيار)"</subfield>
		</datafield>
		<datafield n="16" tag="362">
			<subfield code=""/>
		</datafield>
	</record>