
	<record type="Bibliographic">
		<datafield n="1" tag="">
			<subfield code="">b13150212</subfield>
		</datafield>
		<datafield n="2" tag="">
			<subfield code="">1  </subfield>
		</datafield>
		<datafield n="3" tag="008">
			<subfield code="">1927</subfield>
		</datafield>
		<datafield n="4" tag="008">
			<subfield code="">1931</subfield>
		</datafield>
		<datafield n="5" tag="245">
			<subfield code="a">الذكرى :</subfield>
			<subfield code="b">مجلة المدرسة الداودية /</subfield>
		</datafield>
		<datafield n="6" tag="246">
			<subfield code="a">"al-Dhikrá :$""الذكرى :""$""مجلة المدرسة الداودية :""$""الذكرى :"""</subfield>
		</datafield>
		<datafield n="7" tag="222">
			<subfield code="a">الذكرى</subfield>
		</datafield>
		<datafield n="8" tag="260">
			<subfield code="a"/>
			<subfield code="b"/>
			<subfield code="c"/>
		</datafield>
		<datafield n="9" tag="264">
			<subfield code="a">عبيه، لبنان :</subfield>
			<subfield code="b">المدرسة الداودية،</subfield>
			<subfield code="c">1927-[1931]</subfield>
		</datafield>
		<datafield n="10" tag="300">
			<subfield code="">"1 بكرة ميكروفيلم : سلبي وايجابي ؛ 35 مم"</subfield>
		</datafield>
		<datafield n="11" tag="310">
			<subfield code="">شهرية.</subfield>
		</datafield>
		<datafield n="12" tag="911">
			<subfield code="">CEASE</subfield>
		</datafield>
		<datafield n="13" tag="530">
			<subfield code="">متوفر ايضاً على نسخة مطبوعة.</subfield>
		</datafield>
		<datafield n="14" tag="590">
			<subfield code="">نسخة مصورة على ميكروفيلم. تم التصوير في دائرة المصغرات الفليمية، مكتبة يافث التذكارية، 2000</subfield>
		</datafield>
		<datafield n="15" tag="866">
			<subfield code="">في المكتبة : س.1 : ع.1 - 7 / 8 (1927 : نيسان - تشرين الثاني / كانون الاول)</subfield>
		</datafield>
		<datafield n="16" tag="362">
			<subfield code=""/>
		</datafield>
	</record>