
	<record type="Bibliographic">
		<datafield n="1" tag="">
			<subfield code="">b12825980</subfield>
		</datafield>
		<datafield n="2" tag="">
			<subfield code="">s  </subfield>
		</datafield>
		<datafield n="3" tag="008">
			<subfield code="">1928</subfield>
		</datafield>
		<datafield n="4" tag="008">
			<subfield code="">1931</subfield>
		</datafield>
		<datafield n="5" tag="245">
			<subfield code="a">الرابطة الشرقية /</subfield>
			<subfield code="b"/>
		</datafield>
		<datafield n="6" tag="246">
			<subfield code="a">al-Rābiṭah al-Sharqīyah</subfield>
		</datafield>
		<datafield n="7" tag="222">
			<subfield code="a">الرابطة الشرقية</subfield>
		</datafield>
		<datafield n="8" tag="260">
			<subfield code="a"/>
			<subfield code="b"/>
			<subfield code="c"/>
		</datafield>
		<datafield n="9" tag="264">
			<subfield code="a">القاهرة :</subfield>
			<subfield code="b">جمعية الرابطة الشرقية،</subfield>
			<subfield code="c">1928-1931.</subfield>
		</datafield>
		<datafield n="10" tag="300">
			<subfield code="">"مجلد ؛ 26 سم"</subfield>
		</datafield>
		<datafield n="11" tag="310">
			<subfield code="">شهرية.</subfield>
		</datafield>
		<datafield n="12" tag="911">
			<subfield code="">CEASE</subfield>
		</datafield>
		<datafield n="13" tag="530">
			<subfield code=""/>
		</datafield>
		<datafield n="14" tag="590">
			<subfield code=""/>
		</datafield>
		<datafield n="15" tag="866">
			<subfield code="">في المكتبة :س. 2:ع.1-10(1929: نوفمبر 15-1930: تموز15)</subfield>
		</datafield>
		<datafield n="16" tag="362">
			<subfield code="">صدرت عام 1928.</subfield>
		</datafield>
	</record>