
	<record type="Bibliographic">
		<datafield n="1" tag="">
			<subfield code="">b25808692</subfield>
		</datafield>
		<datafield n="2" tag="">
			<subfield code="">s  </subfield>
		</datafield>
		<datafield n="3" tag="008">
			<subfield code="">1919</subfield>
		</datafield>
		<datafield n="4" tag="008">
			<subfield code="">1929</subfield>
		</datafield>
		<datafield n="5" tag="245">
			<subfield code="a">الرائد :</subfield>
			<subfield code="b">جريدة وطنية إنتقادية سياسية حرة.</subfield>
		</datafield>
		<datafield n="6" tag="246">
			<subfield code="a">"al-Rā’id :$""الرائد الممتاز"""</subfield>
		</datafield>
		<datafield n="7" tag="222">
			<subfield code="a">الرائد</subfield>
		</datafield>
		<datafield n="8" tag="260">
			<subfield code="a"/>
			<subfield code="b"/>
			<subfield code="c"/>
		</datafield>
		<datafield n="9" tag="264">
			<subfield code="a">[بيروت] :</subfield>
			<subfield code="b">[نجيب قسطنطين حداد]</subfield>
			<subfield code="c">1919-1929.</subfield>
		</datafield>
		<datafield n="10" tag="300">
			<subfield code="">عدد : مصورات</subfield>
		</datafield>
		<datafield n="11" tag="310">
			<subfield code=""/>
		</datafield>
		<datafield n="12" tag="911">
			<subfield code="">CEASE</subfield>
		</datafield>
		<datafield n="13" tag="530">
			<subfield code="">متوفر أيضاً على ميكروفيلم Mic-NA:000020.</subfield>
		</datafield>
		<datafield n="14" tag="590">
			<subfield code=""/>
		</datafield>
		<datafield n="15" tag="866">
			<subfield code="">في المكتبة: مج.10:الرائد الممتاز(1928:كانون الثاني)</subfield>
		</datafield>
		<datafield n="16" tag="362">
			<subfield code=""/>
		</datafield>
	</record>