
	<record type="Bibliographic">
		<datafield n="1" tag="">
			<subfield code="">b1282964x</subfield>
		</datafield>
		<datafield n="2" tag="">
			<subfield code="">s  </subfield>
		</datafield>
		<datafield n="3" tag="008">
			<subfield code="">1860</subfield>
		</datafield>
		<datafield n="4" tag="008">
			<subfield code="">9999</subfield>
		</datafield>
		<datafield n="5" tag="245">
			<subfield code="a">الرائد الرسمي للجمهورية التونسية /</subfield>
			<subfield code="b"/>
		</datafield>
		<datafield n="6" tag="246">
			<subfield code="a">"al-Rāʼid al-rasmī lil-Jumhūrīyah al-Tūnisīyah$"" الرائد التونسي"""</subfield>
		</datafield>
		<datafield n="7" tag="222">
			<subfield code="a">الرائد الرسمي للجمهورية التونسية</subfield>
		</datafield>
		<datafield n="8" tag="260">
			<subfield code="a"/>
			<subfield code="b"/>
			<subfield code="c"/>
		</datafield>
		<datafield n="9" tag="264">
			<subfield code="a">تونس :</subfield>
			<subfield code="b">المطبعة الرسمية للجمهورية التونسية،</subfield>
			<subfield code="c">1860-</subfield>
		</datafield>
		<datafield n="10" tag="300">
			<subfield code="">"مجلدات ؛ 30 سم"</subfield>
		</datafield>
		<datafield n="11" tag="310">
			<subfield code="">مرتين في الاسبوع.</subfield>
		</datafield>
		<datafield n="12" tag="911">
			<subfield code="">CEASE</subfield>
		</datafield>
		<datafield n="13" tag="530">
			<subfield code="">متوفر ايضاً على ميكروفيلم : Mic-NA:000273</subfield>
		</datafield>
		<datafield n="14" tag="590">
			<subfield code=""/>
		</datafield>
		<datafield n="15" tag="866">
			<subfield code="">في المكتبة:مج. 103-118، 120-123(1960-1980:آذار)</subfield>
		</datafield>
		<datafield n="16" tag="362">
			<subfield code=""/>
		</datafield>
	</record>