
	<record type="Bibliographic">
		<datafield n="1" tag="">
			<subfield code="">b12821019</subfield>
		</datafield>
		<datafield n="2" tag="">
			<subfield code="">1  </subfield>
		</datafield>
		<datafield n="3" tag="008">
			<subfield code="">1896</subfield>
		</datafield>
		<datafield n="4" tag="008">
			<subfield code="">1897</subfield>
		</datafield>
		<datafield n="5" tag="245">
			<subfield code="a">الرائد المصري :</subfield>
			<subfield code="b">جريدة سياسية تاريخية أدبية إخبارية.</subfield>
		</datafield>
		<datafield n="6" tag="246">
			<subfield code="a">al-Rā’id al-Miṣrī :</subfield>
		</datafield>
		<datafield n="7" tag="222">
			<subfield code="a">الرائد المصري</subfield>
		</datafield>
		<datafield n="8" tag="260">
			<subfield code="a"/>
			<subfield code="b"/>
			<subfield code="c"/>
		</datafield>
		<datafield n="9" tag="264">
			<subfield code="a">القاهرة :</subfield>
			<subfield code="b">نقولا شحادة،</subfield>
			<subfield code="c">[1896-1897]</subfield>
		</datafield>
		<datafield n="10" tag="300">
			<subfield code="">"1 بكرة ميكروفيلم : سلبي وايجابي ؛ 35 مم"</subfield>
		</datafield>
		<datafield n="11" tag="310">
			<subfield code="">مرتين في الاسبوع.</subfield>
		</datafield>
		<datafield n="12" tag="911">
			<subfield code="">CEASE</subfield>
		</datafield>
		<datafield n="13" tag="530">
			<subfield code="">متوفر ايضاً على نسخة مطبوعة.</subfield>
		</datafield>
		<datafield n="14" tag="590">
			<subfield code="">نسخة مصورة على ميكروفيلم. تم التصوير في دائرة المصغرات الفلمية، مكتبة يافث التذكارية</subfield>
		</datafield>
		<datafield n="15" tag="866">
			<subfield code="">في المكتبة : 1897 : كانون الثاني - كانون الأول.</subfield>
		</datafield>
		<datafield n="16" tag="362">
			<subfield code=""/>
		</datafield>
	</record>