
	<record type="Bibliographic">
		<datafield n="1" tag="">
			<subfield code="">b12820064</subfield>
		</datafield>
		<datafield n="2" tag="">
			<subfield code="">s  </subfield>
		</datafield>
		<datafield n="3" tag="008">
			<subfield code="">1869</subfield>
		</datafield>
		<datafield n="4" tag="008">
			<subfield code="">1942</subfield>
		</datafield>
		<datafield n="5" tag="245">
			<subfield code="a">الروزنامة التونسية.</subfield>
			<subfield code="b"/>
		</datafield>
		<datafield n="6" tag="246">
			<subfield code="a">al-Rūznāmah al-Tūnisīyah</subfield>
		</datafield>
		<datafield n="7" tag="222">
			<subfield code="a">الروزنامة التونسية</subfield>
		</datafield>
		<datafield n="8" tag="260">
			<subfield code="a"/>
			<subfield code="b"/>
			<subfield code="c"/>
		</datafield>
		<datafield n="9" tag="264">
			<subfield code="a">تونس :</subfield>
			<subfield code="b">[عبده محمد بن الخوجة]،</subfield>
			<subfield code="c">[1869-1942]</subfield>
		</datafield>
		<datafield n="10" tag="300">
			<subfield code="">مجلدات : مصورات</subfield>
		</datafield>
		<datafield n="11" tag="310">
			<subfield code=""/>
		</datafield>
		<datafield n="12" tag="911">
			<subfield code="">CEASE</subfield>
		</datafield>
		<datafield n="13" tag="530">
			<subfield code=""/>
		</datafield>
		<datafield n="14" tag="590">
			<subfield code=""/>
		</datafield>
		<datafield n="15" tag="866">
			<subfield code="">في المكتبة :(1319-1335هـ[1869-1942])</subfield>
		</datafield>
		<datafield n="16" tag="362">
			<subfield code="">صدرت سنة 1901.</subfield>
		</datafield>
	</record>