
	<record type="Bibliographic">
		<datafield n="1" tag="">
			<subfield code="">b23286519</subfield>
		</datafield>
		<datafield n="2" tag="">
			<subfield code="">s  </subfield>
		</datafield>
		<datafield n="3" tag="008">
			<subfield code="">1917</subfield>
		</datafield>
		<datafield n="4" tag="008">
			<subfield code="">191u</subfield>
		</datafield>
		<datafield n="5" tag="245">
			<subfield code="a">الروضة :</subfield>
			<subfield code="b">مجلة شهرية جامعة.</subfield>
		</datafield>
		<datafield n="6" tag="246">
			<subfield code="a">"al-Raudat$""The Meadow :""$""Meadow :"""</subfield>
		</datafield>
		<datafield n="7" tag="222">
			<subfield code="a">الروضة</subfield>
		</datafield>
		<datafield n="8" tag="260">
			<subfield code="a"/>
			<subfield code="b"/>
			<subfield code="c"/>
		</datafield>
		<datafield n="9" tag="264">
			<subfield code="a">لورنس، ماس. :</subfield>
			<subfield code="b">[بطرس عبود شعيا]،</subfield>
			<subfield code="c">1917-191؟</subfield>
		</datafield>
		<datafield n="10" tag="300">
			<subfield code="">"عدد ؛ 24 سم"</subfield>
		</datafield>
		<datafield n="11" tag="310">
			<subfield code="">شهرية.</subfield>
		</datafield>
		<datafield n="12" tag="911">
			<subfield code="">CEASE</subfield>
		</datafield>
		<datafield n="13" tag="530">
			<subfield code=""/>
		</datafield>
		<datafield n="14" tag="590">
			<subfield code=""/>
		</datafield>
		<datafield n="15" tag="866">
			<subfield code="">في المكتبة:مج.2:ع.21(1919:كانون أول)</subfield>
		</datafield>
		<datafield n="16" tag="362">
			<subfield code="">السنة الأولى، العدد الأول (تشرين الثاني 1917)</subfield>
		</datafield>
	</record>