
	<record type="Bibliographic">
		<datafield n="1" tag="">
			<subfield code="">b12822012</subfield>
		</datafield>
		<datafield n="2" tag="">
			<subfield code="">1  </subfield>
		</datafield>
		<datafield n="3" tag="008">
			<subfield code="">1900</subfield>
		</datafield>
		<datafield n="4" tag="008">
			<subfield code="">1901</subfield>
		</datafield>
		<datafield n="5" tag="245">
			<subfield code="a">الرئيس :</subfield>
			<subfield code="b">مجلة طبية جراحية علمية أدبية تاريخية.</subfield>
		</datafield>
		<datafield n="6" tag="246">
			<subfield code="a">al-Ra’īs :</subfield>
		</datafield>
		<datafield n="7" tag="222">
			<subfield code="a">الرئيس</subfield>
		</datafield>
		<datafield n="8" tag="260">
			<subfield code="a"/>
			<subfield code="b"/>
			<subfield code="c"/>
		</datafield>
		<datafield n="9" tag="264">
			<subfield code="a">جونية، لبنان :</subfield>
			<subfield code="b">[لويس الخازن]،</subfield>
			<subfield code="c">1900-1901.</subfield>
		</datafield>
		<datafield n="10" tag="300">
			<subfield code="">"1 بكرة ميكروفيلم : سلبي وايجابي ؛ 35 مم"</subfield>
		</datafield>
		<datafield n="11" tag="310">
			<subfield code="">شهرية.</subfield>
		</datafield>
		<datafield n="12" tag="911">
			<subfield code="">CEASE</subfield>
		</datafield>
		<datafield n="13" tag="530">
			<subfield code="">متوفر أيضاً بنسخة مطبوعة.</subfield>
		</datafield>
		<datafield n="14" tag="590">
			<subfield code="">نسخة مصورة على ميكروفيلم. تم التصوير في دائرة المصغرات الفلمية، مكتبة يافث التذكارية.</subfield>
		</datafield>
		<datafield n="15" tag="866">
			<subfield code="">في المكتبة:1900:كانون الثاني-1901:كانون الأول.</subfield>
		</datafield>
		<datafield n="16" tag="362">
			<subfield code=""/>
		</datafield>
	</record>