
	<record type="Bibliographic">
		<datafield n="1" tag="">
			<subfield code="">b12823910</subfield>
		</datafield>
		<datafield n="2" tag="">
			<subfield code="">1  </subfield>
		</datafield>
		<datafield n="3" tag="008">
			<subfield code="">1870</subfield>
		</datafield>
		<datafield n="4" tag="008">
			<subfield code="">1870</subfield>
		</datafield>
		<datafield n="5" tag="245">
			<subfield code="a">الزهرة :</subfield>
			<subfield code="b">نشرة أسبوعية.</subfield>
		</datafield>
		<datafield n="6" tag="246">
			<subfield code="a">al-Zahrah :</subfield>
		</datafield>
		<datafield n="7" tag="222">
			<subfield code="a">الزهرة</subfield>
		</datafield>
		<datafield n="8" tag="260">
			<subfield code="a"/>
			<subfield code="b"/>
			<subfield code="c"/>
		</datafield>
		<datafield n="9" tag="264">
			<subfield code="a">بيروت :</subfield>
			<subfield code="b">[يوسف شلفون]،</subfield>
			<subfield code="c">1870.</subfield>
		</datafield>
		<datafield n="10" tag="300">
			<subfield code="">"1 بكرة ميكروفيلم : سلبي وايجابي ؛ 35 مم"</subfield>
		</datafield>
		<datafield n="11" tag="310">
			<subfield code="">أسبوعية.</subfield>
		</datafield>
		<datafield n="12" tag="911">
			<subfield code="">CEASE</subfield>
		</datafield>
		<datafield n="13" tag="530">
			<subfield code="">متوفر أيضاً على نسخة مطبوعة.</subfield>
		</datafield>
		<datafield n="14" tag="590">
			<subfield code="">نسخة مصورة على ميكروفيلم. تم التصوير في دائرة المصغرات الفلمية، مكتبة يافث التذكارية، 1986</subfield>
		</datafield>
		<datafield n="15" tag="866">
			<subfield code="">في المكتبة: مج.1:ع.1-52(1870:كانون الثاني،1-كانون الاول،24)</subfield>
		</datafield>
		<datafield n="16" tag="362">
			<subfield code="">صدر العدد الأول في 29 رمضان 1286هـ 1 يناير 1870م.</subfield>
		</datafield>
	</record>