
	<record type="Bibliographic">
		<datafield n="1" tag="">
			<subfield code="">b12823946</subfield>
		</datafield>
		<datafield n="2" tag="">
			<subfield code="">1  </subfield>
		</datafield>
		<datafield n="3" tag="008">
			<subfield code="">1912</subfield>
		</datafield>
		<datafield n="4" tag="008">
			<subfield code="">1957</subfield>
		</datafield>
		<datafield n="5" tag="245">
			<subfield code="a">السائح :</subfield>
			<subfield code="b">جريدة أدبية سياسية تجارية.</subfield>
		</datafield>
		<datafield n="6" tag="246">
			<subfield code="a">"al-Sā’iḥ :$""السائح الممتاز"""</subfield>
		</datafield>
		<datafield n="7" tag="222">
			<subfield code="a">السائح</subfield>
		</datafield>
		<datafield n="8" tag="260">
			<subfield code="a"/>
			<subfield code="b"/>
			<subfield code="c"/>
		</datafield>
		<datafield n="9" tag="264">
			<subfield code="a">نيويورك :</subfield>
			<subfield code="b">[عبد المسيح حداد]،</subfield>
			<subfield code="c">1912-1957.</subfield>
		</datafield>
		<datafield n="10" tag="300">
			<subfield code="">"بكرة ميكروفيلم : ايجابي ؛ 35 مم"</subfield>
		</datafield>
		<datafield n="11" tag="310">
			<subfield code=""/>
		</datafield>
		<datafield n="12" tag="911">
			<subfield code="">CEASE</subfield>
		</datafield>
		<datafield n="13" tag="530">
			<subfield code=""/>
		</datafield>
		<datafield n="14" tag="590">
			<subfield code="">نسخة مصورة على ميكروفيلم. تم التصوير في جامعة هارفرد- انتاج المصغرات الفلمية.</subfield>
		</datafield>
		<datafield n="15" tag="866">
			<subfield code="">في المكتبة:مج.1:ع.1-مج.45:ع.52(1912:نيسان23-1957:أيار6)</subfield>
		</datafield>
		<datafield n="16" tag="362">
			<subfield code=""/>
		</datafield>
	</record>