
	<record type="Bibliographic">
		<datafield n="1" tag="">
			<subfield code="">b23281510</subfield>
		</datafield>
		<datafield n="2" tag="">
			<subfield code="">s  </subfield>
		</datafield>
		<datafield n="3" tag="008">
			<subfield code="">1912</subfield>
		</datafield>
		<datafield n="4" tag="008">
			<subfield code="">1959</subfield>
		</datafield>
		<datafield n="5" tag="245">
			<subfield code="a">السائح :</subfield>
			<subfield code="b">جريدة أدبية سياسية تجارية.</subfield>
		</datafield>
		<datafield n="6" tag="246">
			<subfield code="a">"al-Sā’iḥ :$""السائح الممتاز"""</subfield>
		</datafield>
		<datafield n="7" tag="222">
			<subfield code="a">السائح</subfield>
		</datafield>
		<datafield n="8" tag="260">
			<subfield code="a"/>
			<subfield code="b"/>
			<subfield code="c"/>
		</datafield>
		<datafield n="9" tag="264">
			<subfield code="a">نيويورك :</subfield>
			<subfield code="b">[عبد المسيح حداد]،</subfield>
			<subfield code="c">1912-1959.</subfield>
		</datafield>
		<datafield n="10" tag="300">
			<subfield code="">"مجلدات ؛ 45 سم"</subfield>
		</datafield>
		<datafield n="11" tag="310">
			<subfield code=""/>
		</datafield>
		<datafield n="12" tag="911">
			<subfield code="">CEASE</subfield>
		</datafield>
		<datafield n="13" tag="530">
			<subfield code="">متوفر أيضاً على ميكروفيلم رقم Mic-NA:000221.</subfield>
		</datafield>
		<datafield n="14" tag="590">
			<subfield code=""/>
		</datafield>
		<datafield n="15" tag="866">
			<subfield code="">"في المكتبة:العدد الممتاز لعام 1919؛ مج.9:ع.802(1921:كانون الثاني)؛ مج.11:ع.993(1923:كانون الثاني)؛ مج.13:ع.1191(1929:شباط)؛ مج.15:ع.1389(1927:آذار)+عدد خاص؛ مج.18:ع.256(1930:شباط)؛ مج.19:ع.3، 12(1930:أيار، تموز)"</subfield>
		</datafield>
		<datafield n="16" tag="362">
			<subfield code=""/>
		</datafield>
	</record>