
	<record type="Bibliographic">
		<datafield n="1" tag="">
			<subfield code="">b2328125x</subfield>
		</datafield>
		<datafield n="2" tag="">
			<subfield code="">s  </subfield>
		</datafield>
		<datafield n="3" tag="008">
			<subfield code="">1904</subfield>
		</datafield>
		<datafield n="4" tag="008">
			<subfield code="">1956</subfield>
		</datafield>
		<datafield n="5" tag="245">
			<subfield code="a">السعادة :</subfield>
			<subfield code="b">جريدة سياسية أدبية إقتصادية إخبارية.</subfield>
		</datafield>
		<datafield n="6" tag="246">
			<subfield code="a">Es-Saada</subfield>
		</datafield>
		<datafield n="7" tag="222">
			<subfield code="a">السعادة</subfield>
		</datafield>
		<datafield n="8" tag="260">
			<subfield code="a"/>
			<subfield code="b"/>
			<subfield code="c"/>
		</datafield>
		<datafield n="9" tag="264">
			<subfield code="a">الرباط، المغرب:</subfield>
			<subfield code="b">[جريدة السعادة]،</subfield>
			<subfield code="c">1904-1956.</subfield>
		</datafield>
		<datafield n="10" tag="300">
			<subfield code="">"مجلد ؛ 26 سم"</subfield>
		</datafield>
		<datafield n="11" tag="310">
			<subfield code="">مرتين في الأسبوع.</subfield>
		</datafield>
		<datafield n="12" tag="911">
			<subfield code="">CEASE</subfield>
		</datafield>
		<datafield n="13" tag="530">
			<subfield code=""/>
		</datafield>
		<datafield n="14" tag="590">
			<subfield code=""/>
		</datafield>
		<datafield n="15" tag="866">
			<subfield code="">"في المكتبة: مج.7:ع.417، 420(1910:أيلول)؛ مج.29:ع.3873(1932:آب)"</subfield>
		</datafield>
		<datafield n="16" tag="362">
			<subfield code=""/>
		</datafield>
	</record>