
	<record type="Bibliographic">
		<datafield n="1" tag="">
			<subfield code="">b23274086</subfield>
		</datafield>
		<datafield n="2" tag="">
			<subfield code="">s  </subfield>
		</datafield>
		<datafield n="3" tag="008">
			<subfield code="">1920</subfield>
		</datafield>
		<datafield n="4" tag="008">
			<subfield code="">19uu</subfield>
		</datafield>
		<datafield n="5" tag="245">
			<subfield code="a">السعادة :</subfield>
			<subfield code="b">مجلة لبنانية إستقلالية.</subfield>
		</datafield>
		<datafield n="6" tag="246">
			<subfield code="a">"السعادة :$""la Felicidad :"""</subfield>
		</datafield>
		<datafield n="7" tag="222">
			<subfield code="a">السعادة</subfield>
		</datafield>
		<datafield n="8" tag="260">
			<subfield code="a"/>
			<subfield code="b"/>
			<subfield code="c"/>
		</datafield>
		<datafield n="9" tag="264">
			<subfield code="a">توكومان :</subfield>
			<subfield code="b">يوسف نجم الرشماني،</subfield>
			<subfield code="c">1920-[19؟؟]</subfield>
		</datafield>
		<datafield n="10" tag="300">
			<subfield code="">"مجلدات ؛ 25 سم."</subfield>
		</datafield>
		<datafield n="11" tag="310">
			<subfield code="">نصف شهرية.</subfield>
		</datafield>
		<datafield n="12" tag="911">
			<subfield code="">CEASE</subfield>
		</datafield>
		<datafield n="13" tag="530">
			<subfield code=""/>
		</datafield>
		<datafield n="14" tag="590">
			<subfield code=""/>
		</datafield>
		<datafield n="15" tag="866">
			<subfield code="">في المكتبة: ع.3، 16/17(1920:أيار، تشرين الأول)</subfield>
		</datafield>
		<datafield n="16" tag="362">
			<subfield code=""/>
		</datafield>
	</record>