
	<record type="Bibliographic">
		<datafield n="1" tag="">
			<subfield code="">b12818677</subfield>
		</datafield>
		<datafield n="2" tag="">
			<subfield code="">s  </subfield>
		</datafield>
		<datafield n="3" tag="008">
			<subfield code="">1929</subfield>
		</datafield>
		<datafield n="4" tag="008">
			<subfield code="">1959</subfield>
		</datafield>
		<datafield n="5" tag="245">
			<subfield code="a">السمير.</subfield>
			<subfield code="b"/>
		</datafield>
		<datafield n="6" tag="246">
			<subfield code="a">"as-Sameer$""al-Samīr"""</subfield>
		</datafield>
		<datafield n="7" tag="222">
			<subfield code="a">السمير</subfield>
		</datafield>
		<datafield n="8" tag="260">
			<subfield code="a"/>
			<subfield code="b"/>
			<subfield code="c"/>
		</datafield>
		<datafield n="9" tag="264">
			<subfield code="a">نيويورك :</subfield>
			<subfield code="b">إيليا ابو ماضي،</subfield>
			<subfield code="c">1929-1959.</subfield>
		</datafield>
		<datafield n="10" tag="300">
			<subfield code="">"4 مجلدات ؛ 23 سم"</subfield>
		</datafield>
		<datafield n="11" tag="310">
			<subfield code="">نصف شهرية.</subfield>
		</datafield>
		<datafield n="12" tag="911">
			<subfield code="">CEASE</subfield>
		</datafield>
		<datafield n="13" tag="530">
			<subfield code="">متوفر ايضاً على ميكروفيلم : Mic-NA:000312</subfield>
		</datafield>
		<datafield n="14" tag="590">
			<subfield code=""/>
		</datafield>
		<datafield n="15" tag="866">
			<subfield code="">في المكتبة: مج.1-4(1929-1933)</subfield>
		</datafield>
		<datafield n="16" tag="362">
			<subfield code="">صدر العدد الاول 15 نيسان 1929.</subfield>
		</datafield>
	</record>