
	<record type="Bibliographic">
		<datafield n="1" tag="">
			<subfield code="">b23282198</subfield>
		</datafield>
		<datafield n="2" tag="">
			<subfield code="">s  </subfield>
		</datafield>
		<datafield n="3" tag="008">
			<subfield code="">1921</subfield>
		</datafield>
		<datafield n="4" tag="008">
			<subfield code="">uuuu</subfield>
		</datafield>
		<datafield n="5" tag="245">
			<subfield code="a">السياسة :</subfield>
			<subfield code="b">جريدة سياسية أدبية حرة.</subfield>
		</datafield>
		<datafield n="6" tag="246">
			<subfield code="a">A Politica :</subfield>
		</datafield>
		<datafield n="7" tag="222">
			<subfield code="a">السياسة</subfield>
		</datafield>
		<datafield n="8" tag="260">
			<subfield code="a"/>
			<subfield code="b"/>
			<subfield code="c"/>
		</datafield>
		<datafield n="9" tag="264">
			<subfield code="a">سان باولو، البرازيل :</subfield>
			<subfield code="b">[سليم شديد عقل]،</subfield>
			<subfield code="c">1921-19؟؟-</subfield>
		</datafield>
		<datafield n="10" tag="300">
			<subfield code="">"مجلد ؛ 47 سم"</subfield>
		</datafield>
		<datafield n="11" tag="310">
			<subfield code="">أسبوعية.</subfield>
		</datafield>
		<datafield n="12" tag="911">
			<subfield code="">CEASE</subfield>
		</datafield>
		<datafield n="13" tag="530">
			<subfield code=""/>
		</datafield>
		<datafield n="14" tag="590">
			<subfield code=""/>
		</datafield>
		<datafield n="15" tag="866">
			<subfield code="">في المكتبة: مج.2:ع.32، 33(1922:شباط، آذار)</subfield>
		</datafield>
		<datafield n="16" tag="362">
			<subfield code=""/>
		</datafield>
	</record>