
	<record type="Bibliographic">
		<datafield n="1" tag="">
			<subfield code="">b12826571</subfield>
		</datafield>
		<datafield n="2" tag="">
			<subfield code="">s  </subfield>
		</datafield>
		<datafield n="3" tag="008">
			<subfield code="">1928</subfield>
		</datafield>
		<datafield n="4" tag="008">
			<subfield code="">1930</subfield>
		</datafield>
		<datafield n="5" tag="245">
			<subfield code="a">السيف والناس :</subfield>
			<subfield code="b">جريدة سياسية أدبية.</subfield>
		</datafield>
		<datafield n="6" tag="246">
			<subfield code="a">"al-Sayf wa-al-nās :$""السيف والناس :"""</subfield>
		</datafield>
		<datafield n="7" tag="222">
			<subfield code="a">السيف والناس</subfield>
		</datafield>
		<datafield n="8" tag="260">
			<subfield code="a"/>
			<subfield code="b"/>
			<subfield code="c"/>
		</datafield>
		<datafield n="9" tag="264">
			<subfield code="a">القاهرة :</subfield>
			<subfield code="b">حسين علي،</subfield>
			<subfield code="c">1928-[1930]</subfield>
		</datafield>
		<datafield n="10" tag="300">
			<subfield code="">"1 مجلد : مصورات ؛ 29 سم"</subfield>
		</datafield>
		<datafield n="11" tag="310">
			<subfield code="">اسبوعية.</subfield>
		</datafield>
		<datafield n="12" tag="911">
			<subfield code="">CEASE</subfield>
		</datafield>
		<datafield n="13" tag="530">
			<subfield code=""/>
		</datafield>
		<datafield n="14" tag="590">
			<subfield code=""/>
		</datafield>
		<datafield n="15" tag="866">
			<subfield code="">في المكتبة : س.1:ع.1 - 29 (1928:شباط - كانون الاول) ، س.22:ع.1 - 21 (1930: كانون الثاني - تموز)</subfield>
		</datafield>
		<datafield n="16" tag="362">
			<subfield code="">صدر العدد الاول 26 شباط 1928.</subfield>
		</datafield>
	</record>