
	<record type="Bibliographic">
		<datafield n="1" tag="">
			<subfield code="">b12824082</subfield>
		</datafield>
		<datafield n="2" tag="">
			<subfield code="">1  </subfield>
		</datafield>
		<datafield n="3" tag="008">
			<subfield code="">1866</subfield>
		</datafield>
		<datafield n="4" tag="008">
			<subfield code="">18uu</subfield>
		</datafield>
		<datafield n="5" tag="245">
			<subfield code="a">الشراكة الشهرية في بيروت.</subfield>
			<subfield code="b"/>
		</datafield>
		<datafield n="6" tag="246">
			<subfield code="a">al-Sharākah al-Shahrīyah fī Bayrūt</subfield>
		</datafield>
		<datafield n="7" tag="222">
			<subfield code="a">الشراكة الشهرية في بيروت</subfield>
		</datafield>
		<datafield n="8" tag="260">
			<subfield code="a"/>
			<subfield code="b"/>
			<subfield code="c"/>
		</datafield>
		<datafield n="9" tag="264">
			<subfield code="a">بيروت :</subfield>
			<subfield code="b">[يوسف الشلفون]،</subfield>
			<subfield code="c">1866-[18؟؟]</subfield>
		</datafield>
		<datafield n="10" tag="300">
			<subfield code="">"1 بكرة ميكروفيلم : سلبي وايجابي ؛ 35 مم"</subfield>
		</datafield>
		<datafield n="11" tag="310">
			<subfield code=""/>
		</datafield>
		<datafield n="12" tag="911">
			<subfield code="">CEASE</subfield>
		</datafield>
		<datafield n="13" tag="530">
			<subfield code=""/>
		</datafield>
		<datafield n="14" tag="590">
			<subfield code="">نسخة مصورة على ميكروفيلم. تم التصوير في ال: British Library</subfield>
		</datafield>
		<datafield n="15" tag="866">
			<subfield code="">في المكتبة :الكتاب 1-8(1866:كانون الثاني-آب)</subfield>
		</datafield>
		<datafield n="16" tag="362">
			<subfield code=""/>
		</datafield>
	</record>