
	<record type="Bibliographic">
		<datafield n="1" tag="">
			<subfield code="">b14114860</subfield>
		</datafield>
		<datafield n="2" tag="">
			<subfield code="">s  </subfield>
		</datafield>
		<datafield n="3" tag="008">
			<subfield code="">1926</subfield>
		</datafield>
		<datafield n="4" tag="008">
			<subfield code="">9999</subfield>
		</datafield>
		<datafield n="5" tag="245">
			<subfield code="a">الشرق.</subfield>
			<subfield code="b"/>
		</datafield>
		<datafield n="6" tag="246">
			<subfield code="a">"al-Sharq$""Elshark""$""جريدة الشرق"""</subfield>
		</datafield>
		<datafield n="7" tag="222">
			<subfield code="a">الشرق</subfield>
		</datafield>
		<datafield n="8" tag="260">
			<subfield code="a"/>
			<subfield code="b"/>
			<subfield code="c"/>
		</datafield>
		<datafield n="9" tag="264">
			<subfield code="a">بيروت :</subfield>
			<subfield code="b">[عوني الكعكي]،</subfield>
			<subfield code="c">1926-</subfield>
		</datafield>
		<datafield n="10" tag="300">
			<subfield code="">"مجلدات : مصورات ؛ 39 سم"</subfield>
		</datafield>
		<datafield n="11" tag="310">
			<subfield code="">يومية.</subfield>
		</datafield>
		<datafield n="12" tag="911">
			<subfield code="">ACTIV</subfield>
		</datafield>
		<datafield n="13" tag="530">
			<subfield code="">متوفر ايضاً على ميكروفيلم : Mic-NA:000230</subfield>
		</datafield>
		<datafield n="14" tag="590">
			<subfield code="">المكتبة تحتفظ بالشهر الجاري حتى يتم تصويرها على ميكروفيلم</subfield>
		</datafield>
		<datafield n="15" tag="866">
			<subfield code="">في المكتبة : المكتبة تحتفظ بالشهر الجاري فقط</subfield>
		</datafield>
		<datafield n="16" tag="362">
			<subfield code="">صدرت سنة 1926.</subfield>
		</datafield>
	</record>