
	<record type="Bibliographic">
		<datafield n="1" tag="">
			<subfield code="">b23278924</subfield>
		</datafield>
		<datafield n="2" tag="">
			<subfield code="">s  </subfield>
		</datafield>
		<datafield n="3" tag="008">
			<subfield code="">1912</subfield>
		</datafield>
		<datafield n="4" tag="008">
			<subfield code="">1952</subfield>
		</datafield>
		<datafield n="5" tag="245">
			<subfield code="a">الشعب (عين زحلتا) :</subfield>
			<subfield code="b">جريدة جامعة أنشئت لخدمة الشعب الشوفي.</subfield>
		</datafield>
		<datafield n="6" tag="246">
			<subfield code="a">al-Sha‘b (‘Ayn Zaḥaltā) :</subfield>
		</datafield>
		<datafield n="7" tag="222">
			<subfield code="a">الشعب (عين زحلتا)</subfield>
		</datafield>
		<datafield n="8" tag="260">
			<subfield code="a"/>
			<subfield code="b"/>
			<subfield code="c"/>
		</datafield>
		<datafield n="9" tag="264">
			<subfield code="a">عين زحلتا :</subfield>
			<subfield code="b">[رشيد نخله]،</subfield>
			<subfield code="c">1912-1952.</subfield>
		</datafield>
		<datafield n="10" tag="300">
			<subfield code="">"مجلدات ؛ 32 سم"</subfield>
		</datafield>
		<datafield n="11" tag="310">
			<subfield code=""/>
		</datafield>
		<datafield n="12" tag="911">
			<subfield code="">CEASE</subfield>
		</datafield>
		<datafield n="13" tag="530">
			<subfield code="">متوفر أيضاً على ميكروفليم Mic-NA:000013.</subfield>
		</datafield>
		<datafield n="14" tag="590">
			<subfield code=""/>
		</datafield>
		<datafield n="15" tag="866">
			<subfield code="">في المكتبة:مج.10:ع.5، 9، 10(1922:حزيران، تموز)</subfield>
		</datafield>
		<datafield n="16" tag="362">
			<subfield code=""/>
		</datafield>
	</record>