
	<record type="Bibliographic">
		<datafield n="1" tag="">
			<subfield code="">b18448331</subfield>
		</datafield>
		<datafield n="2" tag="">
			<subfield code="">s  </subfield>
		</datafield>
		<datafield n="3" tag="008">
			<subfield code="">1886</subfield>
		</datafield>
		<datafield n="4" tag="008">
			<subfield code="">1892</subfield>
		</datafield>
		<datafield n="5" tag="245">
			<subfield code="a">الشفاء :</subfield>
			<subfield code="b">صحيفة طبية جراحية علمية وعملية /</subfield>
		</datafield>
		<datafield n="6" tag="246">
			<subfield code="a">al-Shifāʼ :</subfield>
		</datafield>
		<datafield n="7" tag="222">
			<subfield code="a">الشفاء</subfield>
		</datafield>
		<datafield n="8" tag="260">
			<subfield code="a"/>
			<subfield code="b"/>
			<subfield code="c"/>
		</datafield>
		<datafield n="9" tag="264">
			<subfield code="a">مصر :</subfield>
			<subfield code="b">شبلي شميل،</subfield>
			<subfield code="c">1886-1892.</subfield>
		</datafield>
		<datafield n="10" tag="300">
			<subfield code="">"5 مجلدات ؛ 25 سم"</subfield>
		</datafield>
		<datafield n="11" tag="310">
			<subfield code="">شهرية.</subfield>
		</datafield>
		<datafield n="12" tag="911">
			<subfield code="">CEASE</subfield>
		</datafield>
		<datafield n="13" tag="530">
			<subfield code=""/>
		</datafield>
		<datafield n="14" tag="590">
			<subfield code=""/>
		</datafield>
		<datafield n="15" tag="866">
			<subfield code="">في المكتبة:مج.1-5(1886:شباط-1892:كانون الثاني)</subfield>
		</datafield>
		<datafield n="16" tag="362">
			<subfield code="">صدر العدد الاول، السنة الاولى (1886: شباط)</subfield>
		</datafield>
	</record>