
	<record type="Bibliographic">
		<datafield n="1" tag="">
			<subfield code="">b13375295</subfield>
		</datafield>
		<datafield n="2" tag="">
			<subfield code="">s  </subfield>
		</datafield>
		<datafield n="3" tag="008">
			<subfield code="">1915</subfield>
		</datafield>
		<datafield n="4" tag="008">
			<subfield code="">1930</subfield>
		</datafield>
		<datafield n="5" tag="245">
			<subfield code="a">الشمس.</subfield>
			<subfield code="b"/>
		</datafield>
		<datafield n="6" tag="246">
			<subfield code="a">"al-Shams$""الشمس :"""</subfield>
		</datafield>
		<datafield n="7" tag="222">
			<subfield code="a">الشمس</subfield>
		</datafield>
		<datafield n="8" tag="260">
			<subfield code="a"/>
			<subfield code="b"/>
			<subfield code="c"/>
		</datafield>
		<datafield n="9" tag="264">
			<subfield code="a">لبنان :</subfield>
			<subfield code="b">[اسبر الغريب]،</subfield>
			<subfield code="c">1915-[1930]</subfield>
		</datafield>
		<datafield n="10" tag="300">
			<subfield code="">"1 مجلد : مصورات ؛ 26 سم"</subfield>
		</datafield>
		<datafield n="11" tag="310">
			<subfield code="">شهرية.</subfield>
		</datafield>
		<datafield n="12" tag="911">
			<subfield code="">CEASE</subfield>
		</datafield>
		<datafield n="13" tag="530">
			<subfield code="">متوفر ايضاً على ميكروفيلم : Mic-NA:000447</subfield>
		</datafield>
		<datafield n="14" tag="590">
			<subfield code=""/>
		</datafield>
		<datafield n="15" tag="866">
			<subfield code="">"في المكتبة: مج.10(1924:آب، أيلول، تشرين الأول، تشرين الثاني)؛ مج.13:ع.11(1928: آذار)؛ مج.14:ع.10(1928:تموز-أيلول، 1929:شباط)؛ مج. 15-16(1930:كانون الثاني/شباط - تشرين الثاني)؛ مج.17(1931:شباط، أيار، حزيران، آب، أيلول، تشرين الثاني، كانون الأول)؛ مج.18(1932:حزيران/تموز، آب، أيلول، تشرين الأول)؛ مج.19(1933:أيار/حزيران)؛ مج.20(1934:تموز/آب، أيلول/تشرين الأول)؛ مج.21(1936:كانون الثاني/شباط)؛ مج.23:ع.1(1938:آب)"</subfield>
		</datafield>
		<datafield n="16" tag="362">
			<subfield code="">صدرت سنة 1915.</subfield>
		</datafield>
	</record>