
	<record type="Bibliographic">
		<datafield n="1" tag="">
			<subfield code="">b12821135</subfield>
		</datafield>
		<datafield n="2" tag="">
			<subfield code="">1  </subfield>
		</datafield>
		<datafield n="3" tag="008">
			<subfield code="">1922</subfield>
		</datafield>
		<datafield n="4" tag="008">
			<subfield code="">1950</subfield>
		</datafield>
		<datafield n="5" tag="245">
			<subfield code="a">الصحافي التائه :</subfield>
			<subfield code="b">جريدة البؤساء والعمال.</subfield>
		</datafield>
		<datafield n="6" tag="246">
			<subfield code="a">"al-Ṣiḥāfī al-Tā’ih :$""Le Journaliste Errant"""</subfield>
		</datafield>
		<datafield n="7" tag="222">
			<subfield code="a">الصحافي التائه</subfield>
		</datafield>
		<datafield n="8" tag="260">
			<subfield code="a"/>
			<subfield code="b"/>
			<subfield code="c"/>
		</datafield>
		<datafield n="9" tag="264">
			<subfield code="a">زحلة :</subfield>
			<subfield code="b">مطبعة الصحافي التائه،</subfield>
			<subfield code="c">1922-1950.</subfield>
		</datafield>
		<datafield n="10" tag="300">
			<subfield code="">"20 بكرة ميكروفيلم : سلبي وايجابي ؛ 35 سم"</subfield>
		</datafield>
		<datafield n="11" tag="310">
			<subfield code="">مرتين في الأسبوع.</subfield>
		</datafield>
		<datafield n="12" tag="911">
			<subfield code="">CEASE</subfield>
		</datafield>
		<datafield n="13" tag="530">
			<subfield code="">متوفر أيضاً بنسخة مطبوعة.</subfield>
		</datafield>
		<datafield n="14" tag="590">
			<subfield code="">نسخة مصورة على ميكروفيلم. تم التصوير في دائرة المصغرات الفلمية، مكتبة يافث التذكارية.</subfield>
		</datafield>
		<datafield n="15" tag="866">
			<subfield code="">"في المكتبة:1922:تشرين أول-1923:أيلول ؛ 1924:أيلول-1927:تشرين أول؛ 1935:آب؛ 1938:آب-1950:أيلول."</subfield>
		</datafield>
		<datafield n="16" tag="362">
			<subfield code="">صدرت سنة 1922.</subfield>
		</datafield>
	</record>