
	<record type="Bibliographic">
		<datafield n="1" tag="">
			<subfield code="">b1282091x</subfield>
		</datafield>
		<datafield n="2" tag="">
			<subfield code="">1  </subfield>
		</datafield>
		<datafield n="3" tag="008">
			<subfield code="">1886</subfield>
		</datafield>
		<datafield n="4" tag="008">
			<subfield code="">1950</subfield>
		</datafield>
		<datafield n="5" tag="245">
			<subfield code="a">الصفاء :</subfield>
			<subfield code="b">مجلة علمية فكاهية.</subfield>
		</datafield>
		<datafield n="6" tag="246">
			<subfield code="a">al-Ṣafā’ :</subfield>
		</datafield>
		<datafield n="7" tag="222">
			<subfield code="a">الصفاء</subfield>
		</datafield>
		<datafield n="8" tag="260">
			<subfield code="a"/>
			<subfield code="b"/>
			<subfield code="c"/>
		</datafield>
		<datafield n="9" tag="264">
			<subfield code="a">بيروت :</subfield>
			<subfield code="b">الشركة الوطنية للصحافة،</subfield>
			<subfield code="c">[1886-1950]</subfield>
		</datafield>
		<datafield n="10" tag="300">
			<subfield code="">"53 بكرة ميكروفيلم : سلبي وايجابي ؛ 35 سم"</subfield>
		</datafield>
		<datafield n="11" tag="310">
			<subfield code=""/>
		</datafield>
		<datafield n="12" tag="911">
			<subfield code="">CEASE</subfield>
		</datafield>
		<datafield n="13" tag="530">
			<subfield code="">متوفر ايضاً على نسخة مطبوعة.</subfield>
		</datafield>
		<datafield n="14" tag="590">
			<subfield code="">"نسخة مصورة على ميكروفيلم. تم التصوير في دائرة المصغرات الفلمية، مكتبة يافث التذكارية.$""المجموعة تنقص بعض الاعداد."""</subfield>
		</datafield>
		<datafield n="15" tag="866">
			<subfield code="">في المكتبة :1886-1890، 1897، 1898، 1911-1925 ، 1929/28، 1932/31، 1933،1935، 1938-1942، 1948-1950.</subfield>
		</datafield>
		<datafield n="16" tag="362">
			<subfield code=""/>
		</datafield>
	</record>