
	<record type="Bibliographic">
		<datafield n="1" tag="">
			<subfield code="">b13163188</subfield>
		</datafield>
		<datafield n="2" tag="">
			<subfield code="">s  </subfield>
		</datafield>
		<datafield n="3" tag="008">
			<subfield code="">1886</subfield>
		</datafield>
		<datafield n="4" tag="008">
			<subfield code="">1934</subfield>
		</datafield>
		<datafield n="5" tag="245">
			<subfield code="a">الصفاء :</subfield>
			<subfield code="b">مجلة علمية فكاهية.</subfield>
		</datafield>
		<datafield n="6" tag="246">
			<subfield code="a">"الصفاء :$""al-Ṣafā’ :"""</subfield>
		</datafield>
		<datafield n="7" tag="222">
			<subfield code="a">الصفاء</subfield>
		</datafield>
		<datafield n="8" tag="260">
			<subfield code="a"/>
			<subfield code="b"/>
			<subfield code="c"/>
		</datafield>
		<datafield n="9" tag="264">
			<subfield code="a">بيروت :</subfield>
			<subfield code="b">الشركة الوطنية للصحافة،</subfield>
			<subfield code="c">1886-1934.</subfield>
		</datafield>
		<datafield n="10" tag="300">
			<subfield code="">"مجلدات ؛ 24 سم"</subfield>
		</datafield>
		<datafield n="11" tag="310">
			<subfield code=""/>
		</datafield>
		<datafield n="12" tag="911">
			<subfield code="">CEASE</subfield>
		</datafield>
		<datafield n="13" tag="530">
			<subfield code="">متوفر ايضاً على ميكروفيلم : Mic-NA:000022</subfield>
		</datafield>
		<datafield n="14" tag="590">
			<subfield code=""/>
		</datafield>
		<datafield n="15" tag="866">
			<subfield code="">"في المكتبة:مج.3:ج.1-11(1888)؛ مج.5:ع.1-8(1897:آب-1898:آذار)؛ مج.24:ع.971(1925:كانون الأول)"</subfield>
		</datafield>
		<datafield n="16" tag="362">
			<subfield code=""/>
		</datafield>
	</record>