
	<record type="Bibliographic">
		<datafield n="1" tag="">
			<subfield code="">b13547860</subfield>
		</datafield>
		<datafield n="2" tag="">
			<subfield code="">s  </subfield>
		</datafield>
		<datafield n="3" tag="008">
			<subfield code="">1874</subfield>
		</datafield>
		<datafield n="4" tag="008">
			<subfield code="">1914</subfield>
		</datafield>
		<datafield n="5" tag="245">
			<subfield code="a">الطبيب :</subfield>
			<subfield code="b">مجلة طبية علمية صناعية زراعية.</subfield>
		</datafield>
		<datafield n="6" tag="246">
			<subfield code="a">"al-Ṭabīb :$""At-Tabib""$""الطبيب :""$""الطبيب :""$""جرنال طبي وعلمي"""</subfield>
		</datafield>
		<datafield n="7" tag="222">
			<subfield code="a">الطبيب</subfield>
		</datafield>
		<datafield n="8" tag="260">
			<subfield code="a"/>
			<subfield code="b"/>
			<subfield code="c"/>
		</datafield>
		<datafield n="9" tag="264">
			<subfield code="a">بيروت :</subfield>
			<subfield code="b">جورج بوست،</subfield>
			<subfield code="c">1874-1914.</subfield>
		</datafield>
		<datafield n="10" tag="300">
			<subfield code="">"مجلدات : مصورات ؛ 23 سم"</subfield>
		</datafield>
		<datafield n="11" tag="310">
			<subfield code="">شهرية.</subfield>
		</datafield>
		<datafield n="12" tag="911">
			<subfield code="">CEASE</subfield>
		</datafield>
		<datafield n="13" tag="530">
			<subfield code="">متوفر ايضاً على ميكروفيلم : Mic-NA:000229.</subfield>
		</datafield>
		<datafield n="14" tag="590">
			<subfield code="">"ينقص النسخة الورقية من العدد الاول، لكنها متوفرة الكترونياً على موقع مكتبة صعب الطبية.$""تحفظ المجموعة في دائرة الارشيف والمجموعات الخاصة.""$""يوجد من السنوات 4(1881)، 5(1882) و8 (1896/1897) نسختين ورقيتين.""$""تنقص الاعداد التالية: سنة: 1911 الاعداد 9 و10(ايلول وتشرين اول)؛ سنة 1913 العدد 1(كانون الثاني) ؛ سنة 1914 الاعداد 1و6 (كانون الثاني وحزيران."""</subfield>
		</datafield>
		<datafield n="15" tag="866">
			<subfield code="">في المكتبة : 1874-1876، 1881، 1882، 1884-1885، 1895-1914(شباط، آب)</subfield>
		</datafield>
		<datafield n="16" tag="362">
			<subfield code=""/>
		</datafield>
	</record>