
	<record type="Bibliographic">
		<datafield n="1" tag="">
			<subfield code="">b26001639</subfield>
		</datafield>
		<datafield n="2" tag="">
			<subfield code="">s  </subfield>
		</datafield>
		<datafield n="3" tag="008">
			<subfield code="">1926</subfield>
		</datafield>
		<datafield n="4" tag="008">
			<subfield code="">192u</subfield>
		</datafield>
		<datafield n="5" tag="245">
			<subfield code="a">العالم :</subfield>
			<subfield code="b">جريدة سياسية إجتماعية أسبوعية.</subfield>
		</datafield>
		<datafield n="6" tag="246">
			<subfield code="a"/>
		</datafield>
		<datafield n="7" tag="222">
			<subfield code="a">العالم</subfield>
		</datafield>
		<datafield n="8" tag="260">
			<subfield code="a"/>
			<subfield code="b"/>
			<subfield code="c"/>
		</datafield>
		<datafield n="9" tag="264">
			<subfield code="a">مصر :</subfield>
			<subfield code="b">كريم خليل ثابت،</subfield>
			<subfield code="c">1926-192?.</subfield>
		</datafield>
		<datafield n="10" tag="300">
			<subfield code="">"880-03 مجلدات : مصورات، صور شخصانية </subfield>
		</datafield>
		<datafield n="11" tag="310">
			<subfield code="">32 سم"</subfield>
		</datafield>
		<datafield n="12" tag="911">
			<subfield code="">اسبوعية</subfield>
		</datafield>
		<datafield n="13" tag="530">
			<subfield code="">CEASE</subfield>
		</datafield>
		<datafield n="14" tag="590">
			<subfield code=""/>
		</datafield>
		<datafield n="15" tag="866">
			<subfield code=""/>
		</datafield>
		<datafield n="16" tag="362">
			<subfield code="">في المكتبة:ع.1-63(1926)، ع.64-76(1927)</subfield>
		</datafield>
		<datafield n="17" tag="">
			<subfield code="">العدد الأول 30 مايو 1926</subfield>
		</datafield>
	</record>