
	<record type="Bibliographic">
		<datafield n="1" tag="">
			<subfield code="">b13375805</subfield>
		</datafield>
		<datafield n="2" tag="">
			<subfield code="">1  </subfield>
		</datafield>
		<datafield n="3" tag="008">
			<subfield code="">1924</subfield>
		</datafield>
		<datafield n="4" tag="008">
			<subfield code="">1926</subfield>
		</datafield>
		<datafield n="5" tag="245">
			<subfield code="a">العالم الجديد.</subfield>
			<subfield code="b"/>
		</datafield>
		<datafield n="6" tag="246">
			<subfield code="a">"al-‘Ālam al-jadīd$""New world"""</subfield>
		</datafield>
		<datafield n="7" tag="222">
			<subfield code="a">العالم الجديد</subfield>
		</datafield>
		<datafield n="8" tag="260">
			<subfield code="a"/>
			<subfield code="b"/>
			<subfield code="c"/>
		</datafield>
		<datafield n="9" tag="264">
			<subfield code="a">نيويورك :</subfield>
			<subfield code="b">[سلوم مكرزل]،</subfield>
			<subfield code="c">[1924]-1926.</subfield>
		</datafield>
		<datafield n="10" tag="300">
			<subfield code="">"1 بكرة ميكروفيلم : سلبي وايجابي ؛ 35 مم"</subfield>
		</datafield>
		<datafield n="11" tag="310">
			<subfield code="">شهرية.</subfield>
		</datafield>
		<datafield n="12" tag="911">
			<subfield code="">CEASE</subfield>
		</datafield>
		<datafield n="13" tag="530">
			<subfield code=""/>
		</datafield>
		<datafield n="14" tag="590">
			<subfield code="">"في المكتبة:س 7:ع 8-12(آب-كانون اول 1925)؛ س 8: ع 1-4،6،7(كانون الثاني -آذار، حزيران-تموز 1926)$""نسخة مصورة على ميكروفيلم. تم التصوير في دائرة المصغرات الفلمية، مكتبة يافث التذكارية.""$""الميكروفيلم يحتوي ايضاً على الاعداد المصورة من المجلة التجارية السورية الاميركية."""</subfield>
		</datafield>
		<datafield n="15" tag="866">
			<subfield code="">في المكتبة :مج.7-8(1925-1926)</subfield>
		</datafield>
		<datafield n="16" tag="362">
			<subfield code=""/>
		</datafield>
	</record>