
	<record type="Bibliographic">
		<datafield n="1" tag="">
			<subfield code="">b23277737</subfield>
		</datafield>
		<datafield n="2" tag="">
			<subfield code="">s  </subfield>
		</datafield>
		<datafield n="3" tag="008">
			<subfield code="">1920</subfield>
		</datafield>
		<datafield n="4" tag="008">
			<subfield code="">19uu</subfield>
		</datafield>
		<datafield n="5" tag="245">
			<subfield code="a">العراق :</subfield>
			<subfield code="b">جريدة يومية سياسية أدبية إقتصادية.</subfield>
		</datafield>
		<datafield n="6" tag="246">
			<subfield code="a">Al ʻIraq :</subfield>
		</datafield>
		<datafield n="7" tag="222">
			<subfield code="a">العراق</subfield>
		</datafield>
		<datafield n="8" tag="260">
			<subfield code="a"/>
			<subfield code="b"/>
			<subfield code="c"/>
		</datafield>
		<datafield n="9" tag="264">
			<subfield code="a">بغداد، العراق :</subfield>
			<subfield code="b">[رزوق غنام]،</subfield>
			<subfield code="c">[1920-19؟؟]</subfield>
		</datafield>
		<datafield n="10" tag="300">
			<subfield code="">"عدد ؛ 51 سم"</subfield>
		</datafield>
		<datafield n="11" tag="310">
			<subfield code="">يومية.</subfield>
		</datafield>
		<datafield n="12" tag="911">
			<subfield code="">CEASE</subfield>
		</datafield>
		<datafield n="13" tag="530">
			<subfield code=""/>
		</datafield>
		<datafield n="14" tag="590">
			<subfield code=""/>
		</datafield>
		<datafield n="15" tag="866">
			<subfield code="">في المكتبة:مج.3:ع.798(1923:كانون الثاني)</subfield>
		</datafield>
		<datafield n="16" tag="362">
			<subfield code=""/>
		</datafield>
	</record>