
	<record type="Bibliographic">
		<datafield n="1" tag="">
			<subfield code="">b13984093</subfield>
		</datafield>
		<datafield n="2" tag="">
			<subfield code="">1  </subfield>
		</datafield>
		<datafield n="3" tag="008">
			<subfield code="">1910</subfield>
		</datafield>
		<datafield n="4" tag="008">
			<subfield code="">19uu</subfield>
		</datafield>
		<datafield n="5" tag="245">
			<subfield code="a">العرب :</subfield>
			<subfield code="b">جريدة سياسية إسلامية خادمة لآمال الخلافة الكبرى ومقاصدها الشريفة.</subfield>
		</datafield>
		<datafield n="6" tag="246">
			<subfield code="a">al-‘Arab :</subfield>
		</datafield>
		<datafield n="7" tag="222">
			<subfield code="a">العرب</subfield>
		</datafield>
		<datafield n="8" tag="260">
			<subfield code="a"/>
			<subfield code="b"/>
			<subfield code="c"/>
		</datafield>
		<datafield n="9" tag="264">
			<subfield code="a">استانبول :</subfield>
			<subfield code="b">[محمد عبيدالله]،</subfield>
			<subfield code="c">1910-[19؟؟]</subfield>
		</datafield>
		<datafield n="10" tag="300">
			<subfield code="">"بكرة ميكروفيلم ؛ 35 مم"</subfield>
		</datafield>
		<datafield n="11" tag="310">
			<subfield code="">أسبوعية.</subfield>
		</datafield>
		<datafield n="12" tag="911">
			<subfield code="">CEASE</subfield>
		</datafield>
		<datafield n="13" tag="530">
			<subfield code=""/>
		</datafield>
		<datafield n="14" tag="590">
			<subfield code="">نسخة مصورة على ميكروفيلم. تم التصوير في دائرة المصغرات الفلمية، مكتبة يافث التذكارية.</subfield>
		</datafield>
		<datafield n="15" tag="866">
			<subfield code="">"في المكتبة:مج.1:ع.1-9؛ 13-14؛ 21(1910:شباط-حزيران)"</subfield>
		</datafield>
		<datafield n="16" tag="362">
			<subfield code=""/>
		</datafield>
	</record>