
	<record type="Bibliographic">
		<datafield n="1" tag="">
			<subfield code="">b12820933</subfield>
		</datafield>
		<datafield n="2" tag="">
			<subfield code="">1  </subfield>
		</datafield>
		<datafield n="3" tag="008">
			<subfield code="">1909</subfield>
		</datafield>
		<datafield n="4" tag="008">
			<subfield code="">1996</subfield>
		</datafield>
		<datafield n="5" tag="245">
			<subfield code="a">العرفان :</subfield>
			<subfield code="b">ثقافية سياسية.</subfield>
		</datafield>
		<datafield n="6" tag="246">
			<subfield code="a">"al-Irfān :$""العرفان :""$""العرفان :"""</subfield>
		</datafield>
		<datafield n="7" tag="222">
			<subfield code="a">العرفان</subfield>
		</datafield>
		<datafield n="8" tag="260">
			<subfield code="a"/>
			<subfield code="b"/>
			<subfield code="c"/>
		</datafield>
		<datafield n="9" tag="264">
			<subfield code="a">بيروت، لبنان :</subfield>
			<subfield code="b">مطبعة العرفان،</subfield>
			<subfield code="c">1909-1996.</subfield>
		</datafield>
		<datafield n="10" tag="300">
			<subfield code="">"21 بكرة ميكروفيلم : سلبي وايجابي ؛ 35 مم"</subfield>
		</datafield>
		<datafield n="11" tag="310">
			<subfield code="">شهرية.</subfield>
		</datafield>
		<datafield n="12" tag="911">
			<subfield code="">CEASE</subfield>
		</datafield>
		<datafield n="13" tag="530">
			<subfield code="">ايضاً على نسخة ورقية محفوظة في دائرة الارشيف والمجموعات الخاصة</subfield>
		</datafield>
		<datafield n="14" tag="590">
			<subfield code="">نسخة مصورة على ميكروفيلم. تم التصوير في دائرة المصغرات الفلمية، مكتبة يافث التذكارية</subfield>
		</datafield>
		<datafield n="15" tag="866">
			<subfield code="">في المكتبة :1909:شباط -1915:كانون الثاني،1920:ايلول-1987:كانون اول،1992:كانون الثاني-1996:كانون اول.</subfield>
		</datafield>
		<datafield n="16" tag="362">
			<subfield code="">صدرت سنة 1909.</subfield>
		</datafield>
	</record>