
	<record type="Bibliographic">
		<datafield n="1" tag="">
			<subfield code="">b13163280</subfield>
		</datafield>
		<datafield n="2" tag="">
			<subfield code="">s  </subfield>
		</datafield>
		<datafield n="3" tag="008">
			<subfield code="">1909</subfield>
		</datafield>
		<datafield n="4" tag="008">
			<subfield code="">1996</subfield>
		</datafield>
		<datafield n="5" tag="245">
			<subfield code="a">العرفان :</subfield>
			<subfield code="b">ثقافية سياسية.</subfield>
		</datafield>
		<datafield n="6" tag="246">
			<subfield code="a">"al-Irfān :$""العرفان :""$""العرفان :"""</subfield>
		</datafield>
		<datafield n="7" tag="222">
			<subfield code="a">العرفان</subfield>
		</datafield>
		<datafield n="8" tag="260">
			<subfield code="a"/>
			<subfield code="b"/>
			<subfield code="c"/>
		</datafield>
		<datafield n="9" tag="264">
			<subfield code="a">بيروت، لبنان :</subfield>
			<subfield code="b">مطبعة العرفان،</subfield>
			<subfield code="c">1909-1996.</subfield>
		</datafield>
		<datafield n="10" tag="300">
			<subfield code="">مجلدات</subfield>
		</datafield>
		<datafield n="11" tag="310">
			<subfield code="">شهرية.</subfield>
		</datafield>
		<datafield n="12" tag="911">
			<subfield code="">CEASE</subfield>
		</datafield>
		<datafield n="13" tag="530">
			<subfield code="">ايضاً نسخة مصورة على ميكروفيلم رقم : Mic-NA:000024</subfield>
		</datafield>
		<datafield n="14" tag="590">
			<subfield code="">"تحفظ في دائرة الارشيف والمجموعات الخاصة$""نسخة ثانية من الجزء 16-22 (1928-1931)."""</subfield>
		</datafield>
		<datafield n="15" tag="866">
			<subfield code="">في المكتبة: مج.1-80(1909-1996)</subfield>
		</datafield>
		<datafield n="16" tag="362">
			<subfield code="">صدرت سنة 1909.</subfield>
		</datafield>
	</record>