
	<record type="Bibliographic">
		<datafield n="1" tag="">
			<subfield code="">b17601034</subfield>
		</datafield>
		<datafield n="2" tag="">
			<subfield code="">s  </subfield>
		</datafield>
		<datafield n="3" tag="008">
			<subfield code="">1923</subfield>
		</datafield>
		<datafield n="4" tag="008">
			<subfield code="">1933</subfield>
		</datafield>
		<datafield n="5" tag="245">
			<subfield code="a">العروة الوثقى /</subfield>
			<subfield code="b"/>
		</datafield>
		<datafield n="6" tag="246">
			<subfield code="a">"مجلة العروى الوثقى$""Majallat al-‘Urwah al-Wuthqá"""</subfield>
		</datafield>
		<datafield n="7" tag="222">
			<subfield code="a">العروة الوثقى</subfield>
		</datafield>
		<datafield n="8" tag="260">
			<subfield code="a"/>
			<subfield code="b"/>
			<subfield code="c"/>
		</datafield>
		<datafield n="9" tag="264">
			<subfield code="a">بيروت :</subfield>
			<subfield code="b">الجامعة الأميركية في بيروت، جمعية العروة الوثقى،</subfield>
			<subfield code="c">1923-1933.</subfield>
		</datafield>
		<datafield n="10" tag="300">
			<subfield code="">أعداد : مصورات</subfield>
		</datafield>
		<datafield n="11" tag="310">
			<subfield code="">غير منتظمة الصدور</subfield>
		</datafield>
		<datafield n="12" tag="911">
			<subfield code="">CEASE</subfield>
		</datafield>
		<datafield n="13" tag="530">
			<subfield code="">متوفر ايضاً على ميكروفيلم : Mic-P:AUB:000003</subfield>
		</datafield>
		<datafield n="14" tag="590">
			<subfield code="">"The volume is available in AUB Archives/AA.4.2.1Student/Student Manuscript Magazines Box 18-20.$""تحفظ في دائرة الارشيف والمجموعات الخاصة."""</subfield>
		</datafield>
		<datafield n="15" tag="866">
			<subfield code="">"في المكتبة: 1923: تشرين الثاني؛ 1924:كانون الثاني، حزيران؛ 1925: كانون الثاني وأيار؛ 1925-1926 : ج. 1-3؛ 1927؛ 1928: حزيران وكانون الاول؛ 1929: نيسان ؛ [1930]، [1932/1933]."</subfield>
		</datafield>
		<datafield n="16" tag="362">
			<subfield code=""/>
		</datafield>
	</record>