
	<record type="Bibliographic">
		<datafield n="1" tag="">
			<subfield code="">b12818021</subfield>
		</datafield>
		<datafield n="2" tag="">
			<subfield code="">s  </subfield>
		</datafield>
		<datafield n="3" tag="008">
			<subfield code="">1910</subfield>
		</datafield>
		<datafield n="4" tag="008">
			<subfield code="">1926</subfield>
		</datafield>
		<datafield n="5" tag="245">
			<subfield code="a">العروس :</subfield>
			<subfield code="b">مجلة نسائية علمية صحية فكاهية.</subfield>
		</datafield>
		<datafield n="6" tag="246">
			<subfield code="a">"al-‘Arūs :$""العروس :"""</subfield>
		</datafield>
		<datafield n="7" tag="222">
			<subfield code="a">العروس</subfield>
		</datafield>
		<datafield n="8" tag="260">
			<subfield code="a"/>
			<subfield code="b"/>
			<subfield code="c"/>
		</datafield>
		<datafield n="9" tag="264">
			<subfield code="a">سوريا :</subfield>
			<subfield code="b">ماري عبده عجمي،</subfield>
			<subfield code="c">1910-1926.</subfield>
		</datafield>
		<datafield n="10" tag="300">
			<subfield code="">"مجلدات : مصورات ؛ 23 سم"</subfield>
		</datafield>
		<datafield n="11" tag="310">
			<subfield code="">شهرية.</subfield>
		</datafield>
		<datafield n="12" tag="911">
			<subfield code="">CEASE</subfield>
		</datafield>
		<datafield n="13" tag="530">
			<subfield code="">ايضاً نسخة مصورة على ميكروفيلم رقم: Mic-NA: 000467</subfield>
		</datafield>
		<datafield n="14" tag="590">
			<subfield code="">"اعداد مصورة (فوتوكوبي) مج.1:ع.2-5(1911:كانون الثاني-نيسان)، مج.4:ع.6(1914:حزيران)، مج.5:ع3(1919:آذار)، مج.6:ع.1، 3-6، 8(1920:شباط، نيسان-تموز، أيلول)، مج.8:ع.9(1922:تشرين الأول)، مج.11:ع.3(1920:حزيران) متوفرة في دائرة الارشيف والمجموعات الخاصة.$""المجموعة تنقص بعض الاعداد.""$"" تحفظ المجلدات في دائرة الارشيف والمجموعات الخاصة."""</subfield>
		</datafield>
		<datafield n="15" tag="866">
			<subfield code="">في المكتبة:مج. 1-11(1910-1925)</subfield>
		</datafield>
		<datafield n="16" tag="362">
			<subfield code="">صدر العدد الاول كانون الاول 1910.</subfield>
		</datafield>
	</record>