
	<record type="Bibliographic">
		<datafield n="1" tag="">
			<subfield code="">b13168149</subfield>
		</datafield>
		<datafield n="2" tag="">
			<subfield code="">1  </subfield>
		</datafield>
		<datafield n="3" tag="008">
			<subfield code="">1910</subfield>
		</datafield>
		<datafield n="4" tag="008">
			<subfield code="">1926</subfield>
		</datafield>
		<datafield n="5" tag="245">
			<subfield code="a">العروس :</subfield>
			<subfield code="b">مجلة نسائية علمية صحية فكاهية.</subfield>
		</datafield>
		<datafield n="6" tag="246">
			<subfield code="a">"al-‘Arūs :$""العروس :"""</subfield>
		</datafield>
		<datafield n="7" tag="222">
			<subfield code="a">العروس</subfield>
		</datafield>
		<datafield n="8" tag="260">
			<subfield code="a"/>
			<subfield code="b"/>
			<subfield code="c"/>
		</datafield>
		<datafield n="9" tag="264">
			<subfield code="a">سوريا :</subfield>
			<subfield code="b">ماري عبده عجمي،</subfield>
			<subfield code="c">1910-1926.</subfield>
		</datafield>
		<datafield n="10" tag="300">
			<subfield code="">"11 بكرة ميكروفيلم : سلبي وايجابي ؛ 35 مم."</subfield>
		</datafield>
		<datafield n="11" tag="310">
			<subfield code="">شهرية</subfield>
		</datafield>
		<datafield n="12" tag="911">
			<subfield code="">CEASE</subfield>
		</datafield>
		<datafield n="13" tag="530">
			<subfield code="">متوفر ايضاً على نسخة مطبوعة.</subfield>
		</datafield>
		<datafield n="14" tag="590">
			<subfield code="">"المجموعة تنقص بعض الاعداد.$""نسخة مصورة على ميكروفيلم. تم التصوير في دائرة المصغرات الفلمية، مكتبة يافث، 2001."""</subfield>
		</datafield>
		<datafield n="15" tag="866">
			<subfield code="">في المكتبة :(1910:كانون الثاني-1914:كانون اول،1919:كانون الثاني-1926:آذار)</subfield>
		</datafield>
		<datafield n="16" tag="362">
			<subfield code=""/>
		</datafield>
	</record>