
	<record type="Bibliographic">
		<datafield n="1" tag="">
			<subfield code="">b23633918</subfield>
		</datafield>
		<datafield n="2" tag="">
			<subfield code="">s  </subfield>
		</datafield>
		<datafield n="3" tag="008">
			<subfield code="">1926</subfield>
		</datafield>
		<datafield n="4" tag="008">
			<subfield code="">192u</subfield>
		</datafield>
		<datafield n="5" tag="245">
			<subfield code="a">العصر الذهبي :</subfield>
			<subfield code="b">مجلة جامعة نصف شهرية.</subfield>
		</datafield>
		<datafield n="6" tag="246">
			<subfield code="a">Al-Asr-Uzzahabi</subfield>
		</datafield>
		<datafield n="7" tag="222">
			<subfield code="a">العصر الذهبي</subfield>
		</datafield>
		<datafield n="8" tag="260">
			<subfield code="a"/>
			<subfield code="b"/>
			<subfield code="c"/>
		</datafield>
		<datafield n="9" tag="264">
			<subfield code="a">طرابلس، لبنان :</subfield>
			<subfield code="b">مطبعة جمعية إسعاف المحتاجين،</subfield>
			<subfield code="c">1926-[؟192]</subfield>
		</datafield>
		<datafield n="10" tag="300">
			<subfield code="">"عدد ؛ 28 سم"</subfield>
		</datafield>
		<datafield n="11" tag="310">
			<subfield code=""/>
		</datafield>
		<datafield n="12" tag="911">
			<subfield code="">CEASE</subfield>
		</datafield>
		<datafield n="13" tag="530">
			<subfield code=""/>
		</datafield>
		<datafield n="14" tag="590">
			<subfield code=""/>
		</datafield>
		<datafield n="15" tag="866">
			<subfield code="">في المكتبة: مج.1:ع.10(1926:كانون أول)</subfield>
		</datafield>
		<datafield n="16" tag="362">
			<subfield code=""/>
		</datafield>
	</record>