
	<record type="Bibliographic">
		<datafield n="1" tag="">
			<subfield code="">b25756266</subfield>
		</datafield>
		<datafield n="2" tag="">
			<subfield code="">s  </subfield>
		</datafield>
		<datafield n="3" tag="008">
			<subfield code="">1923</subfield>
		</datafield>
		<datafield n="4" tag="008">
			<subfield code="">193u</subfield>
		</datafield>
		<datafield n="5" tag="245">
			<subfield code="a">العلم :</subfield>
			<subfield code="b">جريدة أسبوعية لبنانية جامعة.</subfield>
		</datafield>
		<datafield n="6" tag="246">
			<subfield code="a">"Al-ALAM :$""L'ETENDARO"""</subfield>
		</datafield>
		<datafield n="7" tag="222">
			<subfield code="a">العلم</subfield>
		</datafield>
		<datafield n="8" tag="260">
			<subfield code="a"/>
			<subfield code="b"/>
			<subfield code="c"/>
		</datafield>
		<datafield n="9" tag="264">
			<subfield code="a">بيت شباب، لبنان :</subfield>
			<subfield code="b">مطبعة العلم،</subfield>
			<subfield code="c">1923-[193؟]</subfield>
		</datafield>
		<datafield n="10" tag="300">
			<subfield code="">"أعداد : مصورات ؛ 30 سم"</subfield>
		</datafield>
		<datafield n="11" tag="310">
			<subfield code="">أسبوعية.</subfield>
		</datafield>
		<datafield n="12" tag="911">
			<subfield code="">CEASE</subfield>
		</datafield>
		<datafield n="13" tag="530">
			<subfield code=""/>
		</datafield>
		<datafield n="14" tag="590">
			<subfield code=""/>
		</datafield>
		<datafield n="15" tag="866">
			<subfield code="">"في المكتبة : مج.7:ع.312، 315(1929:كانون الثاني)؛ مج.8:ع.395(1930:أيلول)؛ مج.10:ع.485(1932:حزيران)"</subfield>
		</datafield>
		<datafield n="16" tag="362">
			<subfield code=""/>
		</datafield>
	</record>