
	<record type="Bibliographic">
		<datafield n="1" tag="">
			<subfield code="">b21174714</subfield>
		</datafield>
		<datafield n="2" tag="">
			<subfield code="">s  </subfield>
		</datafield>
		<datafield n="3" tag="008">
			<subfield code="">1902</subfield>
		</datafield>
		<datafield n="4" tag="008">
			<subfield code="">1902</subfield>
		</datafield>
		<datafield n="5" tag="245">
			<subfield code="a">العلمية :</subfield>
			<subfield code="b">جريدة علمية انتقادية فكاهية تصدر مرة كل اسبوعين</subfield>
		</datafield>
		<datafield n="6" tag="246">
			<subfield code="a">"جريدة علمية انتقادية فكاهية تصدر مرة كل اسبوعين$""Al-ʻIlmīyah :"""</subfield>
		</datafield>
		<datafield n="7" tag="222">
			<subfield code="a">العلمية</subfield>
		</datafield>
		<datafield n="8" tag="260">
			<subfield code="a"/>
			<subfield code="b"/>
			<subfield code="c"/>
		</datafield>
		<datafield n="9" tag="264">
			<subfield code="a">بيروت :</subfield>
			<subfield code="b">[المدرسة الكلية السورية الإنجيلية]،</subfield>
			<subfield code="c">1902</subfield>
		</datafield>
		<datafield n="10" tag="300">
			<subfield code="">عدد1.</subfield>
		</datafield>
		<datafield n="11" tag="310">
			<subfield code="">مرتين في الشهر.</subfield>
		</datafield>
		<datafield n="12" tag="911">
			<subfield code="">CEASE</subfield>
		</datafield>
		<datafield n="13" tag="530">
			<subfield code=""/>
		</datafield>
		<datafield n="14" tag="590">
			<subfield code="">"The volume is available in AUB Archives/AA.4.2.1Student/Student Manuscript Magazines Box 4.$""تحفظ في دائرة الارشيف والمجموعات الخاصة."""</subfield>
		</datafield>
		<datafield n="15" tag="866">
			<subfield code="">في المكتبة :ع. 2(1902)</subfield>
		</datafield>
		<datafield n="16" tag="362">
			<subfield code=""/>
		</datafield>
	</record>