
	<record type="Bibliographic">
		<datafield n="1" tag="">
			<subfield code="">b12823995</subfield>
		</datafield>
		<datafield n="2" tag="">
			<subfield code="">1  </subfield>
		</datafield>
		<datafield n="3" tag="008">
			<subfield code="">1892</subfield>
		</datafield>
		<datafield n="4" tag="008">
			<subfield code="">1894</subfield>
		</datafield>
		<datafield n="5" tag="245">
			<subfield code="a">الفتاة :</subfield>
			<subfield code="b">جريدة علمية تاريخية أدبية فكاهية.</subfield>
		</datafield>
		<datafield n="6" tag="246">
			<subfield code="a">al-Fatāt :</subfield>
		</datafield>
		<datafield n="7" tag="222">
			<subfield code="a">الفتاة</subfield>
		</datafield>
		<datafield n="8" tag="260">
			<subfield code="a"/>
			<subfield code="b"/>
			<subfield code="c"/>
		</datafield>
		<datafield n="9" tag="264">
			<subfield code="a">الإسكندرية :</subfield>
			<subfield code="b">[هند نوفل]،</subfield>
			<subfield code="c">1892-1894.</subfield>
		</datafield>
		<datafield n="10" tag="300">
			<subfield code="">"1 بكرة ميكروفيلم : سلبي وايجابي ؛ 35 مم"</subfield>
		</datafield>
		<datafield n="11" tag="310">
			<subfield code=""/>
		</datafield>
		<datafield n="12" tag="911">
			<subfield code="">CEASE</subfield>
		</datafield>
		<datafield n="13" tag="530">
			<subfield code=""/>
		</datafield>
		<datafield n="14" tag="590">
			<subfield code="">"تنقص الجزء العاشر من السنة الاولى.$""نسخة مصورة على ميكروفيلم. تم التصوير في دائرة المصغرات الفلمية، مكتبة يافث التذكارية، 1986."""</subfield>
		</datafield>
		<datafield n="15" tag="866">
			<subfield code="">في المكتبة :س.1:ع.1-22(1892:تشرين الثاني،20 -1894:آذار،16)</subfield>
		</datafield>
		<datafield n="16" tag="362">
			<subfield code=""/>
		</datafield>
	</record>