
	<record type="Bibliographic">
		<datafield n="1" tag="">
			<subfield code="">b12827459</subfield>
		</datafield>
		<datafield n="2" tag="">
			<subfield code="">s  </subfield>
		</datafield>
		<datafield n="3" tag="008">
			<subfield code="">1927</subfield>
		</datafield>
		<datafield n="4" tag="008">
			<subfield code="">1941</subfield>
		</datafield>
		<datafield n="5" tag="245">
			<subfield code="a">الفتح :</subfield>
			<subfield code="b">صحيفة إسلامية علمية أخلاقية /</subfield>
		</datafield>
		<datafield n="6" tag="246">
			<subfield code="a">al-Fatḥ :</subfield>
		</datafield>
		<datafield n="7" tag="222">
			<subfield code="a">الفتح</subfield>
		</datafield>
		<datafield n="8" tag="260">
			<subfield code="a"/>
			<subfield code="b"/>
			<subfield code="c"/>
		</datafield>
		<datafield n="9" tag="264">
			<subfield code="a">القاهرة :</subfield>
			<subfield code="b">دار المطبعة السلفية ومكتبتها،</subfield>
			<subfield code="c">[1927-1941]</subfield>
		</datafield>
		<datafield n="10" tag="300">
			<subfield code="">مجلدات.</subfield>
		</datafield>
		<datafield n="11" tag="310">
			<subfield code="">أسبوعية.</subfield>
		</datafield>
		<datafield n="12" tag="911">
			<subfield code="">CEASE</subfield>
		</datafield>
		<datafield n="13" tag="530">
			<subfield code="">متوفر أيضاً على ميكروفيلم : Mic-NA:000509</subfield>
		</datafield>
		<datafield n="14" tag="590">
			<subfield code=""/>
		</datafield>
		<datafield n="15" tag="866">
			<subfield code="">"في المكتبة:مج.2-14(1927/1928-1939/1940)؛ مج.18(1940/1941)"</subfield>
		</datafield>
		<datafield n="16" tag="362">
			<subfield code=""/>
		</datafield>
	</record>