
	<record type="Bibliographic">
		<datafield n="1" tag="">
			<subfield code="">b23276812</subfield>
		</datafield>
		<datafield n="2" tag="">
			<subfield code="">s  </subfield>
		</datafield>
		<datafield n="3" tag="008">
			<subfield code="">1919</subfield>
		</datafield>
		<datafield n="4" tag="008">
			<subfield code="">1924</subfield>
		</datafield>
		<datafield n="5" tag="245">
			<subfield code="a">الفجر :</subfield>
			<subfield code="b">مجلة نسائية أخلاقية تهذيبية.</subfield>
		</datafield>
		<datafield n="6" tag="246">
			<subfield code="a">"al-Fajr :$""Al-Fajr (l'aurore) : Revue feministe mensuelle""$""Dawn : a monthly Arab and English revue"""</subfield>
		</datafield>
		<datafield n="7" tag="222">
			<subfield code="a">الفجر</subfield>
		</datafield>
		<datafield n="8" tag="260">
			<subfield code="a"/>
			<subfield code="b"/>
			<subfield code="c"/>
		</datafield>
		<datafield n="9" tag="264">
			<subfield code="a">بيروت :</subfield>
			<subfield code="b">المطبعة العلمية،</subfield>
			<subfield code="c">1919-1924.</subfield>
		</datafield>
		<datafield n="10" tag="300">
			<subfield code="">مجلدات</subfield>
		</datafield>
		<datafield n="11" tag="310">
			<subfield code=""/>
		</datafield>
		<datafield n="12" tag="911">
			<subfield code="">CEASE</subfield>
		</datafield>
		<datafield n="13" tag="530">
			<subfield code="">متوفر أيضاً على ميكروفليم: Mic-NA:000182</subfield>
		</datafield>
		<datafield n="14" tag="590">
			<subfield code=""/>
		</datafield>
		<datafield n="15" tag="866">
			<subfield code="">"في المكتبة: العدد الممتاز للسنة الأولى؛ مج.1:ع.1(1919:كانون الثاني)؛ مج.2:ع.1، 3، 5-7(1920:أيار-أيلول)؛ مج.4:ع.1، 2، 4، 5، 10(1922:كانون الثاني، شباط، نيسان، أيار، كانون الأول)؛ مج.5:ع.1-2(1923:كانون الثاني-شباط)"</subfield>
		</datafield>
		<datafield n="16" tag="362">
			<subfield code=""/>
		</datafield>
	</record>