
	<record type="Bibliographic">
		<datafield n="1" tag="">
			<subfield code="">b23278080</subfield>
		</datafield>
		<datafield n="2" tag="">
			<subfield code="">s  </subfield>
		</datafield>
		<datafield n="3" tag="008">
			<subfield code="">1910</subfield>
		</datafield>
		<datafield n="4" tag="008">
			<subfield code="">1918</subfield>
		</datafield>
		<datafield n="5" tag="245">
			<subfield code="a">الفرائد :</subfield>
			<subfield code="b">مجلة علمية أدبية إجتماعية روائية.</subfield>
		</datafield>
		<datafield n="6" tag="246">
			<subfield code="a"/>
		</datafield>
		<datafield n="7" tag="222">
			<subfield code="a">الفرائد</subfield>
		</datafield>
		<datafield n="8" tag="260">
			<subfield code="a"/>
			<subfield code="b"/>
			<subfield code="c"/>
		</datafield>
		<datafield n="9" tag="264">
			<subfield code="a">سان باولو، البرازيل :</subfield>
			<subfield code="b">[إبراهيم شحادة فرج]،</subfield>
			<subfield code="c">1910-1918.</subfield>
		</datafield>
		<datafield n="10" tag="300">
			<subfield code="">مجلدات.</subfield>
		</datafield>
		<datafield n="11" tag="310">
			<subfield code="">شهرية.</subfield>
		</datafield>
		<datafield n="12" tag="911">
			<subfield code="">CEASE</subfield>
		</datafield>
		<datafield n="13" tag="530">
			<subfield code=""/>
		</datafield>
		<datafield n="14" tag="590">
			<subfield code=""/>
		</datafield>
		<datafield n="15" tag="866">
			<subfield code="">"في المكتبة: مج.1:ع.1-مج.2:ع.12(1910:كانون الثاني-1911:كانون الأول)؛ مج.3:ع.3(1912)"</subfield>
		</datafield>
		<datafield n="16" tag="362">
			<subfield code="">المجلد الأول، العدد الأول (كانون الثاني 1910)</subfield>
		</datafield>
	</record>