
	<record type="Bibliographic">
		<datafield n="1" tag="">
			<subfield code="">b12823119</subfield>
		</datafield>
		<datafield n="2" tag="">
			<subfield code="">1  </subfield>
		</datafield>
		<datafield n="3" tag="008">
			<subfield code="">1896</subfield>
		</datafield>
		<datafield n="4" tag="008">
			<subfield code="">1898</subfield>
		</datafield>
		<datafield n="5" tag="245">
			<subfield code="a">الفردوس :</subfield>
			<subfield code="b">مجلة علمية تهذيبية عائلية للسيدات.</subfield>
		</datafield>
		<datafield n="6" tag="246">
			<subfield code="a">"al-Firdaws :$""مجلة الفردوس للسيدات"""</subfield>
		</datafield>
		<datafield n="7" tag="222">
			<subfield code="a">الفردوس</subfield>
		</datafield>
		<datafield n="8" tag="260">
			<subfield code="a"/>
			<subfield code="b"/>
			<subfield code="c"/>
		</datafield>
		<datafield n="9" tag="264">
			<subfield code="a">مصر :</subfield>
			<subfield code="b">[مجلة الفردوس]،</subfield>
			<subfield code="c">1896-[1898]</subfield>
		</datafield>
		<datafield n="10" tag="300">
			<subfield code="">"بكرة ميكروفيلم : ايجابي ؛ 35 مم"</subfield>
		</datafield>
		<datafield n="11" tag="310">
			<subfield code=""/>
		</datafield>
		<datafield n="12" tag="911">
			<subfield code="">CEASE</subfield>
		</datafield>
		<datafield n="13" tag="530">
			<subfield code=""/>
		</datafield>
		<datafield n="14" tag="590">
			<subfield code="">نسخة مصورة على ميكروفيلم. تم التصوير في دائرة المصغرات الفلمية، مكتبة يافث التذكارية</subfield>
		</datafield>
		<datafield n="15" tag="866">
			<subfield code="">في المكتبة :1896:حزيران،15-1897:ايار،1898:تموز.</subfield>
		</datafield>
		<datafield n="16" tag="362">
			<subfield code="">صدرت السنة الأولى 1896.</subfield>
		</datafield>
	</record>