
	<record type="Bibliographic">
		<datafield n="1" tag="">
			<subfield code="">b23286209</subfield>
		</datafield>
		<datafield n="2" tag="">
			<subfield code="">s  </subfield>
		</datafield>
		<datafield n="3" tag="008">
			<subfield code="">1922</subfield>
		</datafield>
		<datafield n="4" tag="008">
			<subfield code="">191u</subfield>
		</datafield>
		<datafield n="5" tag="245">
			<subfield code="a">الفطرة :</subfield>
			<subfield code="b">صحيفة أسبوعية إجتماعية تهذيبية مبدؤها السير على سنة الطبيعة وغايتها إرشاد من يهمهم أمر رقيهم الصحيح الى الوحدة والمدنية الراقية.</subfield>
		</datafield>
		<datafield n="6" tag="246">
			<subfield code="a">La Natura</subfield>
		</datafield>
		<datafield n="7" tag="222">
			<subfield code="a">الفطرة</subfield>
		</datafield>
		<datafield n="8" tag="260">
			<subfield code="a"/>
			<subfield code="b"/>
			<subfield code="c"/>
		</datafield>
		<datafield n="9" tag="264">
			<subfield code="a">بونس أيرس :</subfield>
			<subfield code="b">المطبعة التجارية،</subfield>
			<subfield code="c">1922-19؟؟</subfield>
		</datafield>
		<datafield n="10" tag="300">
			<subfield code="">"عدد ؛ 32 سم"</subfield>
		</datafield>
		<datafield n="11" tag="310">
			<subfield code="">أسبوعية.</subfield>
		</datafield>
		<datafield n="12" tag="911">
			<subfield code="">CEASE</subfield>
		</datafield>
		<datafield n="13" tag="530">
			<subfield code=""/>
		</datafield>
		<datafield n="14" tag="590">
			<subfield code=""/>
		</datafield>
		<datafield n="15" tag="866">
			<subfield code="">في المكتبة:مج.2:عدد الممتاز (1923:أيلول)</subfield>
		</datafield>
		<datafield n="16" tag="362">
			<subfield code="">السنة الأولى، العدد الاول (تموز 1922)</subfield>
		</datafield>
	</record>