
	<record type="Bibliographic">
		<datafield n="1" tag="">
			<subfield code="">b12818367</subfield>
		</datafield>
		<datafield n="2" tag="">
			<subfield code="">s  </subfield>
		</datafield>
		<datafield n="3" tag="008">
			<subfield code="">1926</subfield>
		</datafield>
		<datafield n="4" tag="008">
			<subfield code="">1929</subfield>
		</datafield>
		<datafield n="5" tag="245">
			<subfield code="a">الفكاهة :</subfield>
			<subfield code="b">مجلة أسبوعية مصورة.</subfield>
		</datafield>
		<datafield n="6" tag="246">
			<subfield code="a">al-Fukāhah :</subfield>
		</datafield>
		<datafield n="7" tag="222">
			<subfield code="a">الفكاهة</subfield>
		</datafield>
		<datafield n="8" tag="260">
			<subfield code="a"/>
			<subfield code="b"/>
			<subfield code="c"/>
		</datafield>
		<datafield n="9" tag="264">
			<subfield code="a">القاهرة :</subfield>
			<subfield code="b">دار الهلال،</subfield>
			<subfield code="c">1926-1929.</subfield>
		</datafield>
		<datafield n="10" tag="300">
			<subfield code="">مجلدات</subfield>
		</datafield>
		<datafield n="11" tag="310">
			<subfield code="">اسبوعية.</subfield>
		</datafield>
		<datafield n="12" tag="911">
			<subfield code="">CEASE</subfield>
		</datafield>
		<datafield n="13" tag="530">
			<subfield code="">متوفر ايضاً على ميكروفيلم : Mic-NA:000169</subfield>
		</datafield>
		<datafield n="14" tag="590">
			<subfield code="">ينقص الاعداد 81، 87، 93، 94، 97، 102، 110، 116</subfield>
		</datafield>
		<datafield n="15" tag="866">
			<subfield code="">"في المكتبة : ع.1 - 51، 78 - 156 (1926 : ديسمبر - 1927 : تشرين الثاني ؛ 1928 : أيار - 1929 : تشرين الثاني)"</subfield>
		</datafield>
		<datafield n="16" tag="362">
			<subfield code=""/>
		</datafield>
	</record>