
	<record type="Bibliographic">
		<datafield n="1" tag="">
			<subfield code="">b2575712x</subfield>
		</datafield>
		<datafield n="2" tag="">
			<subfield code="">s  </subfield>
		</datafield>
		<datafield n="3" tag="008">
			<subfield code="">1927</subfield>
		</datafield>
		<datafield n="4" tag="008">
			<subfield code="">194u</subfield>
		</datafield>
		<datafield n="5" tag="245">
			<subfield code="a">الفنون الجميلة :</subfield>
			<subfield code="b">جريدة أدبية علمية فنية أسبوعية مصورة أنشئت لخدمة الفنون الجميلة وتعزيزها والمحافظة عليها ولا تبحث في السياسة.</subfield>
		</datafield>
		<datafield n="6" tag="246">
			<subfield code="a"/>
		</datafield>
		<datafield n="7" tag="222">
			<subfield code="a">الفنون الجميلة</subfield>
		</datafield>
		<datafield n="8" tag="260">
			<subfield code="a"/>
			<subfield code="b"/>
			<subfield code="c"/>
		</datafield>
		<datafield n="9" tag="264">
			<subfield code="a">بيروت، لبنان :</subfield>
			<subfield code="b">المطبعة الوطنية،</subfield>
			<subfield code="c">1927-[194؟]</subfield>
		</datafield>
		<datafield n="10" tag="300">
			<subfield code="">"أعداد : مصورات ؛ 44 سم"</subfield>
		</datafield>
		<datafield n="11" tag="310">
			<subfield code=""/>
		</datafield>
		<datafield n="12" tag="911">
			<subfield code=""/>
		</datafield>
		<datafield n="13" tag="530">
			<subfield code=""/>
		</datafield>
		<datafield n="14" tag="590">
			<subfield code=""/>
		</datafield>
		<datafield n="15" tag="866">
			<subfield code="">"في المكتبة: مج.1:ع.4(1924:أيلول)؛ مج.3:ع.1، 17(1937:آب، 1938:آذار)؛ مج.4:ع.146(1939:آب)؛ مج.5:ع.154(1939:كانون الأول)؛ مج.14:ع.323(1948:كانون الأول)"</subfield>
		</datafield>
		<datafield n="16" tag="362">
			<subfield code="">صدرت في 3 نيسان 1927.</subfield>
		</datafield>
	</record>