
	<record type="Bibliographic">
		<datafield n="1" tag="">
			<subfield code="">b23276848</subfield>
		</datafield>
		<datafield n="2" tag="">
			<subfield code="">s  </subfield>
		</datafield>
		<datafield n="3" tag="008">
			<subfield code="">1890</subfield>
		</datafield>
		<datafield n="4" tag="008">
			<subfield code="">1uuu</subfield>
		</datafield>
		<datafield n="5" tag="245">
			<subfield code="a">الفوائد :</subfield>
			<subfield code="b">جريدة أسبوعية مصورة.</subfield>
		</datafield>
		<datafield n="6" tag="246">
			<subfield code="a">"الفوائد :$""AlFawaïd"""</subfield>
		</datafield>
		<datafield n="7" tag="222">
			<subfield code="a">الفوائد</subfield>
		</datafield>
		<datafield n="8" tag="260">
			<subfield code="a"/>
			<subfield code="b"/>
			<subfield code="c"/>
		</datafield>
		<datafield n="9" tag="264">
			<subfield code="a">بيروت :</subfield>
			<subfield code="b">مطبعة الأحوال،</subfield>
			<subfield code="c">1890-</subfield>
		</datafield>
		<datafield n="10" tag="300">
			<subfield code="">"مجلدات ؛ 30سم"</subfield>
		</datafield>
		<datafield n="11" tag="310">
			<subfield code="">أسبوعية.</subfield>
		</datafield>
		<datafield n="12" tag="911">
			<subfield code="">CEASE</subfield>
		</datafield>
		<datafield n="13" tag="530">
			<subfield code=""/>
		</datafield>
		<datafield n="14" tag="590">
			<subfield code=""/>
		</datafield>
		<datafield n="15" tag="866">
			<subfield code="">"في المكتبة: مج.31:ع.1-6(1921:نيسان-كانون الأول)؛ مج.32:ع.1(1922:كانون الثاني)؛ مج.42:ع.9، 17، 33، 39، 45(1932:نيسان، أيار، أيلول، تشرين الأول، كانون الأول)؛ مج.43:ع.53، 62، 63(1933:شباط، نيسان)"</subfield>
		</datafield>
		<datafield n="16" tag="362">
			<subfield code=""/>
		</datafield>
	</record>