
	<record type="Bibliographic">
		<datafield n="1" tag="">
			<subfield code="">b23281650</subfield>
		</datafield>
		<datafield n="2" tag="">
			<subfield code="">s  </subfield>
		</datafield>
		<datafield n="3" tag="008">
			<subfield code="">1923</subfield>
		</datafield>
		<datafield n="4" tag="008">
			<subfield code="">191u</subfield>
		</datafield>
		<datafield n="5" tag="245">
			<subfield code="a">الفيحاء :</subfield>
			<subfield code="b">جريدة سياسية علمية أدبية فنية جامعة مصورة.</subfield>
		</datafield>
		<datafield n="6" tag="246">
			<subfield code="a"/>
		</datafield>
		<datafield n="7" tag="222">
			<subfield code="a">الفيحاء</subfield>
		</datafield>
		<datafield n="8" tag="260">
			<subfield code="a"/>
			<subfield code="b"/>
			<subfield code="c"/>
		</datafield>
		<datafield n="9" tag="264">
			<subfield code="a">دمشق، سوريا :</subfield>
			<subfield code="b">مطبعة الترقي،</subfield>
			<subfield code="c">1923-[19؟؟]</subfield>
		</datafield>
		<datafield n="10" tag="300">
			<subfield code="">"مجلدات : مصورات ؛ 41 سم"</subfield>
		</datafield>
		<datafield n="11" tag="310">
			<subfield code=""/>
		</datafield>
		<datafield n="12" tag="911">
			<subfield code="">CEASE</subfield>
		</datafield>
		<datafield n="13" tag="530">
			<subfield code=""/>
		</datafield>
		<datafield n="14" tag="590">
			<subfield code=""/>
		</datafield>
		<datafield n="15" tag="866">
			<subfield code="">"في المكتبة:مج.1:ع.5، 38(1923:آب، 1924:نيسان)؛ مج.5:ع.201، 215(1928:شباط، حزيران)"</subfield>
		</datafield>
		<datafield n="16" tag="362">
			<subfield code=""/>
		</datafield>
	</record>