
	<record type="Bibliographic">
		<datafield n="1" tag="">
			<subfield code="">b12822966</subfield>
		</datafield>
		<datafield n="2" tag="">
			<subfield code="">1  </subfield>
		</datafield>
		<datafield n="3" tag="008">
			<subfield code="">1928</subfield>
		</datafield>
		<datafield n="4" tag="008">
			<subfield code="">1958</subfield>
		</datafield>
		<datafield n="5" tag="245">
			<subfield code="a">القبس.</subfield>
			<subfield code="b"/>
		</datafield>
		<datafield n="6" tag="246">
			<subfield code="a">"al-Qabas$""القبس العلم""$""القبس الجديد"""</subfield>
		</datafield>
		<datafield n="7" tag="222">
			<subfield code="a">القبس</subfield>
		</datafield>
		<datafield n="8" tag="260">
			<subfield code="a"/>
			<subfield code="b"/>
			<subfield code="c"/>
		</datafield>
		<datafield n="9" tag="264">
			<subfield code="a">دمشق :</subfield>
			<subfield code="b">[نجيب الريس]،</subfield>
			<subfield code="c">1928-1958.</subfield>
		</datafield>
		<datafield n="10" tag="300">
			<subfield code="">"27 بكرة ميكروفيلم : سلبي وايجابي ؛ 35 مم"</subfield>
		</datafield>
		<datafield n="11" tag="310">
			<subfield code=""/>
		</datafield>
		<datafield n="12" tag="911">
			<subfield code="">CEASE</subfield>
		</datafield>
		<datafield n="13" tag="530">
			<subfield code="">متوفر أيضاً على ميكروفيلم Mic-NA:000136.</subfield>
		</datafield>
		<datafield n="14" tag="590">
			<subfield code="">نسخة مصورة على ميكروفيلم. تم التصوير في دائر المصغرات الفلمية، مكتبة يافث التذكارية.</subfield>
		</datafield>
		<datafield n="15" tag="866">
			<subfield code="">"في المكتبة :1931: تشرين الثاني 27-1937:نيسان؛ كانون الثاني 29،1946: كانون الثاني-1958:كانون الاول."</subfield>
		</datafield>
		<datafield n="16" tag="362">
			<subfield code="">مج.1 (1928)</subfield>
		</datafield>
	</record>