
	<record type="Bibliographic">
		<datafield n="1" tag="">
			<subfield code="">b23631375</subfield>
		</datafield>
		<datafield n="2" tag="">
			<subfield code="">s  </subfield>
		</datafield>
		<datafield n="3" tag="008">
			<subfield code="">1925</subfield>
		</datafield>
		<datafield n="4" tag="008">
			<subfield code="">1925</subfield>
		</datafield>
		<datafield n="5" tag="245">
			<subfield code="a">القديم :</subfield>
			<subfield code="b">صحيفة أثرية.</subfield>
		</datafield>
		<datafield n="6" tag="246">
			<subfield code="a">"القديم :$""al-Qadim :""$""Antiquity :"""</subfield>
		</datafield>
		<datafield n="7" tag="222">
			<subfield code="a">القديم</subfield>
		</datafield>
		<datafield n="8" tag="260">
			<subfield code="a"/>
			<subfield code="b"/>
			<subfield code="c"/>
		</datafield>
		<datafield n="9" tag="264">
			<subfield code="a">القاهرة، مصر :</subfield>
			<subfield code="b">[حسن صبحي],</subfield>
			<subfield code="c">1925.</subfield>
		</datafield>
		<datafield n="10" tag="300">
			<subfield code="">"عدد : مصورات ؛ 28 سم"</subfield>
		</datafield>
		<datafield n="11" tag="310">
			<subfield code="">فصلية.</subfield>
		</datafield>
		<datafield n="12" tag="911">
			<subfield code="">CEASE</subfield>
		</datafield>
		<datafield n="13" tag="530">
			<subfield code=""/>
		</datafield>
		<datafield n="14" tag="590">
			<subfield code=""/>
		</datafield>
		<datafield n="15" tag="866">
			<subfield code="">في المكتبة: ع.1(1925:حزيران)</subfield>
		</datafield>
		<datafield n="16" tag="362">
			<subfield code="">العدد الأول (حزيران 1925)</subfield>
		</datafield>
	</record>