
	<record type="Bibliographic">
		<datafield n="1" tag="">
			<subfield code="">b25587961</subfield>
		</datafield>
		<datafield n="2" tag="">
			<subfield code="">s  </subfield>
		</datafield>
		<datafield n="3" tag="008">
			<subfield code="">1926</subfield>
		</datafield>
		<datafield n="4" tag="008">
			<subfield code="">1933</subfield>
		</datafield>
		<datafield n="5" tag="245">
			<subfield code="a">القربان :</subfield>
			<subfield code="b">مجلة شهرية علمية أدبية.</subfield>
		</datafield>
		<datafield n="6" tag="246">
			<subfield code="a">al-Kourbane :</subfield>
		</datafield>
		<datafield n="7" tag="222">
			<subfield code="a">القربان</subfield>
		</datafield>
		<datafield n="8" tag="260">
			<subfield code="a"/>
			<subfield code="b"/>
			<subfield code="c"/>
		</datafield>
		<datafield n="9" tag="264">
			<subfield code="a">حلب، سوريا :</subfield>
			<subfield code="b">المطبعة المارونية،</subfield>
			<subfield code="c">1926-1933.</subfield>
		</datafield>
		<datafield n="10" tag="300">
			<subfield code="">"مجلدات ؛ 25 سم"</subfield>
		</datafield>
		<datafield n="11" tag="310">
			<subfield code="">شهرية.</subfield>
		</datafield>
		<datafield n="12" tag="911">
			<subfield code=""/>
		</datafield>
		<datafield n="13" tag="530">
			<subfield code=""/>
		</datafield>
		<datafield n="14" tag="590">
			<subfield code=""/>
		</datafield>
		<datafield n="15" tag="866">
			<subfield code="">"في المكتبة: مج.2:ع.1-4، 5/6(1927:أيار-آب،  أيلول وتشرين الأول)؛ مج.4:ع.5/6، 8، 10، 12(1929:أيلول/تشرين الأول، كانون الأول، 1930:شباط، نيسان)؛ مج.5:ع.1-3، 5/6، 8، 12(1930:أيار-تموز، تشرين الأول، كانون الأول، 1931:نيسان)؛ مج.6:ع.5/6، 9-11(1931:أيلول/تشرين الأول، 1932:كانون الثاني-آذار)؛ مج.7:ع.1، 2، 11، 12(1932:أيار، حزيران، 1933:آذار، نيسان)"</subfield>
		</datafield>
		<datafield n="16" tag="362">
			<subfield code="">السنة الأولى، العدد الأول (أيار 1926)</subfield>
		</datafield>
	</record>