
	<record type="Bibliographic">
		<datafield n="1" tag="">
			<subfield code="">b2327685x</subfield>
		</datafield>
		<datafield n="2" tag="">
			<subfield code="">s  </subfield>
		</datafield>
		<datafield n="3" tag="008">
			<subfield code="">1914</subfield>
		</datafield>
		<datafield n="4" tag="008">
			<subfield code="">193u</subfield>
		</datafield>
		<datafield n="5" tag="245">
			<subfield code="a">الكرمة :</subfield>
			<subfield code="b">مجلة عامة تخدم شؤون العائلة.</subfield>
		</datafield>
		<datafield n="6" tag="246">
			<subfield code="a">"الكرمة :$""A Vinha :""$""al-Carmat"""</subfield>
		</datafield>
		<datafield n="7" tag="222">
			<subfield code="a">الكرمة</subfield>
		</datafield>
		<datafield n="8" tag="260">
			<subfield code="a"/>
			<subfield code="b"/>
			<subfield code="c"/>
		</datafield>
		<datafield n="9" tag="264">
			<subfield code="a">سان باولو، البرازيل :</subfield>
			<subfield code="b">[سلوى سلامة اطلس]،</subfield>
			<subfield code="c">1917-[1؟93]</subfield>
		</datafield>
		<datafield n="10" tag="300">
			<subfield code=""/>
		</datafield>
		<datafield n="11" tag="310">
			<subfield code="">شهرية.</subfield>
		</datafield>
		<datafield n="12" tag="911">
			<subfield code="">CEASE</subfield>
		</datafield>
		<datafield n="13" tag="530">
			<subfield code=""/>
		</datafield>
		<datafield n="14" tag="590">
			<subfield code=""/>
		</datafield>
		<datafield n="15" tag="866">
			<subfield code="">"في المكتبة: مج.3:ع.9(1919:شباط)؛ مج.4:ع.1(1919:حزيران)؛ مج.6:ع.2(1922:شباط)؛ مج.7:ع.1-10(1922:تشرين الأول)؛ مج.10:ع.7(1928:تموز)؛ مج.11:ع.3، 7(1928:آذار، تموز)؛ مج.12:ع.7، 10(1929:تموز، تشرين الثاني)؛ مج.13:ع.1، 4، 8(1930:كانون الثاني، نيسان، آب)؛ مج.14:ع.1، 2، 9، 10(1931:كانون الثاني، شباط، آذار، أيلول)؛ مج.15:ع.3، 8(1932:آذار، آب)؛ مج.16:ع.1، 10(1933:كانون الثاني، تشرين الثاني)؛ مج.17:ع.2، 9(1934:شباط، أيلول)؛ مج.18:ع.3، 6(1935:آذار، حزيران)"</subfield>
		</datafield>
		<datafield n="16" tag="362">
			<subfield code=""/>
		</datafield>
	</record>