
	<record type="Bibliographic">
		<datafield n="1" tag="">
			<subfield code="">b12829249</subfield>
		</datafield>
		<datafield n="2" tag="">
			<subfield code="">s  </subfield>
		</datafield>
		<datafield n="3" tag="008">
			<subfield code="">1924</subfield>
		</datafield>
		<datafield n="4" tag="008">
			<subfield code="">1982</subfield>
		</datafield>
		<datafield n="5" tag="245">
			<subfield code="a">الكشاف التحليلي السنوي لصحيفة أم القرى /</subfield>
			<subfield code="b"/>
		</datafield>
		<datafield n="6" tag="246">
			<subfield code="a">"الكشاف التحليلي لصحيفة أم القرى$""al-Kashshāf al-taḥlīlī al-sanawī li-saḥīfat Umm al-Qurá""$""Annual index of Ummmu'l-Qura"""</subfield>
		</datafield>
		<datafield n="7" tag="222">
			<subfield code="a">الكشاف التحليلي السنوي لصحيفة أم القرى</subfield>
		</datafield>
		<datafield n="8" tag="260">
			<subfield code="a"/>
			<subfield code="b"/>
			<subfield code="c"/>
		</datafield>
		<datafield n="9" tag="264">
			<subfield code="a">الرياض :</subfield>
			<subfield code="b">جامعة الملك عبد العزيز، عمادة شئون المكتبات، مركز التوثيق العلمي،</subfield>
			<subfield code="c">1924-[1982]</subfield>
		</datafield>
		<datafield n="10" tag="300">
			<subfield code="">مجلدات</subfield>
		</datafield>
		<datafield n="11" tag="310">
			<subfield code=""/>
		</datafield>
		<datafield n="12" tag="911">
			<subfield code="">CEASE</subfield>
		</datafield>
		<datafield n="13" tag="530">
			<subfield code=""/>
		</datafield>
		<datafield n="14" tag="590">
			<subfield code=""/>
		</datafield>
		<datafield n="15" tag="866">
			<subfield code="">"في المكتبة : 1924 -1953 ؛ 1976 - 1982."</subfield>
		</datafield>
		<datafield n="16" tag="362">
			<subfield code=""/>
		</datafield>
	</record>