
	<record type="Bibliographic">
		<datafield n="1" tag="">
			<subfield code="">b13649310</subfield>
		</datafield>
		<datafield n="2" tag="">
			<subfield code="">1  </subfield>
		</datafield>
		<datafield n="3" tag="008">
			<subfield code="">1905</subfield>
		</datafield>
		<datafield n="4" tag="008">
			<subfield code="">1932</subfield>
		</datafield>
		<datafield n="5" tag="245">
			<subfield code="a">الكلمة :</subfield>
			<subfield code="b">مجلة روحية أدبية علمية تاريخية إخبارية.</subfield>
		</datafield>
		<datafield n="6" tag="246">
			<subfield code="a">al-Kalimah :</subfield>
		</datafield>
		<datafield n="7" tag="222">
			<subfield code="a">الكلمة</subfield>
		</datafield>
		<datafield n="8" tag="260">
			<subfield code="a"/>
			<subfield code="b"/>
			<subfield code="c"/>
		</datafield>
		<datafield n="9" tag="264">
			<subfield code="a">نيويورك :</subfield>
			<subfield code="b">دار الكلمة،</subfield>
			<subfield code="c">1905-1932.</subfield>
		</datafield>
		<datafield n="10" tag="300">
			<subfield code="">"12 بكرة ميكروفيلم : سلبي وايجابي ؛ 35 مم"</subfield>
		</datafield>
		<datafield n="11" tag="310">
			<subfield code="">شهرية.</subfield>
		</datafield>
		<datafield n="12" tag="911">
			<subfield code="">CEASE</subfield>
		</datafield>
		<datafield n="13" tag="530">
			<subfield code=""/>
		</datafield>
		<datafield n="14" tag="590">
			<subfield code="">"بعض الاجزاء غير كاملة.$""نسخة مصورة على ميكروفيلم. تم التصوير في دائرة المصغرات الفلمية، مكتبة يافث التذكارية."""</subfield>
		</datafield>
		<datafield n="15" tag="866">
			<subfield code="">في المكتبة : 1905:كانون الثاني-1914:تموز، 1931:آذار-1932:كانون الاول.</subfield>
		</datafield>
		<datafield n="16" tag="362">
			<subfield code=""/>
		</datafield>
	</record>