
	<record type="Bibliographic">
		<datafield n="1" tag="">
			<subfield code="">b13157711</subfield>
		</datafield>
		<datafield n="2" tag="">
			<subfield code="">1  </subfield>
		</datafield>
		<datafield n="3" tag="008">
			<subfield code="">1909</subfield>
		</datafield>
		<datafield n="4" tag="008">
			<subfield code="">1911</subfield>
		</datafield>
		<datafield n="5" tag="245">
			<subfield code="a">الكوثر :</subfield>
			<subfield code="b">مجلة علمية فنية سياسية.</subfield>
		</datafield>
		<datafield n="6" tag="246">
			<subfield code="a">"al-Kawthar :$""al-Kawssar"""</subfield>
		</datafield>
		<datafield n="7" tag="222">
			<subfield code="a">الكوثر</subfield>
		</datafield>
		<datafield n="8" tag="260">
			<subfield code="a"/>
			<subfield code="b"/>
			<subfield code="c"/>
		</datafield>
		<datafield n="9" tag="264">
			<subfield code="a">بيروت :</subfield>
			<subfield code="b">المطبعة الادبية،</subfield>
			<subfield code="c">1909-[1911]</subfield>
		</datafield>
		<datafield n="10" tag="300">
			<subfield code="">"2 بكرة ميكروفيلم : سلبي وايجابي ؛ 35 مم"</subfield>
		</datafield>
		<datafield n="11" tag="310">
			<subfield code="">شهرية.</subfield>
		</datafield>
		<datafield n="12" tag="911">
			<subfield code="">CEASE</subfield>
		</datafield>
		<datafield n="13" tag="530">
			<subfield code="">متوفر ايضاً على نسخة ورقية.</subfield>
		</datafield>
		<datafield n="14" tag="590">
			<subfield code=""/>
		</datafield>
		<datafield n="15" tag="866">
			<subfield code="">في المكتبة:مج. 1-2 (1909:تموز-1911:أيار)</subfield>
		</datafield>
		<datafield n="16" tag="362">
			<subfield code="">صدر العدد الاول تموز 1909.</subfield>
		</datafield>
	</record>