
	<record type="Bibliographic">
		<datafield n="1" tag="">
			<subfield code="">b13163711</subfield>
		</datafield>
		<datafield n="2" tag="">
			<subfield code="">s  </subfield>
		</datafield>
		<datafield n="3" tag="008">
			<subfield code="">1909</subfield>
		</datafield>
		<datafield n="4" tag="008">
			<subfield code="">1911</subfield>
		</datafield>
		<datafield n="5" tag="245">
			<subfield code="a">الكوثر :</subfield>
			<subfield code="b">مجلة علمية فنية سياسية.</subfield>
		</datafield>
		<datafield n="6" tag="246">
			<subfield code="a">"al-Kawthar :$""al-Kawssar"""</subfield>
		</datafield>
		<datafield n="7" tag="222">
			<subfield code="a">الكوثر</subfield>
		</datafield>
		<datafield n="8" tag="260">
			<subfield code="a"/>
			<subfield code="b"/>
			<subfield code="c"/>
		</datafield>
		<datafield n="9" tag="264">
			<subfield code="a">بيروت :</subfield>
			<subfield code="b">المطبعة الأدبية،</subfield>
			<subfield code="c">1909-[1911]</subfield>
		</datafield>
		<datafield n="10" tag="300">
			<subfield code="">"مجلدات ؛ 24 سم"</subfield>
		</datafield>
		<datafield n="11" tag="310">
			<subfield code="">شهرية.</subfield>
		</datafield>
		<datafield n="12" tag="911">
			<subfield code="">CEASE</subfield>
		</datafield>
		<datafield n="13" tag="530">
			<subfield code="">متوفر ايضاً على ميكروفيلم : Mic-NA:000434</subfield>
		</datafield>
		<datafield n="14" tag="590">
			<subfield code="">تحفظ في دائرة الارشيف والمجموعات الخاصة.</subfield>
		</datafield>
		<datafield n="15" tag="866">
			<subfield code="">في المكتبة مج.1-3(1909:تموز-1911:كانون الأول)</subfield>
		</datafield>
		<datafield n="16" tag="362">
			<subfield code="">صدر العدد الاول تموز 1909.</subfield>
		</datafield>
	</record>