
	<record type="Bibliographic">
		<datafield n="1" tag="">
			<subfield code="">b12824458</subfield>
		</datafield>
		<datafield n="2" tag="">
			<subfield code="">s  </subfield>
		</datafield>
		<datafield n="3" tag="008">
			<subfield code="">1886</subfield>
		</datafield>
		<datafield n="4" tag="008">
			<subfield code="">1896</subfield>
		</datafield>
		<datafield n="5" tag="245">
			<subfield code="a">اللطائف :</subfield>
			<subfield code="b">جريدة علمية أدبية تاريخية فكاهية.</subfield>
		</datafield>
		<datafield n="6" tag="246">
			<subfield code="a">al-Laṭā’if :</subfield>
		</datafield>
		<datafield n="7" tag="222">
			<subfield code="a">اللطائف</subfield>
		</datafield>
		<datafield n="8" tag="260">
			<subfield code="a"/>
			<subfield code="b"/>
			<subfield code="c"/>
		</datafield>
		<datafield n="9" tag="264">
			<subfield code="a">القاهرة :</subfield>
			<subfield code="b">[مطبعة اللطائف]،</subfield>
			<subfield code="c">1886-[1896].</subfield>
		</datafield>
		<datafield n="10" tag="300">
			<subfield code="">"مجلدات : مصورات ؛ 23 سم"</subfield>
		</datafield>
		<datafield n="11" tag="310">
			<subfield code="">شهرية.</subfield>
		</datafield>
		<datafield n="12" tag="911">
			<subfield code="">CEASE</subfield>
		</datafield>
		<datafield n="13" tag="530">
			<subfield code="">في المكتبة ايضاً نسخة مصورة للسنوات  : 1886-1888 على ميكروفيلم  رقم: Mic-NA:000454</subfield>
		</datafield>
		<datafield n="14" tag="590">
			<subfield code="">تحفظ في دائرة الارشيف والمجموعات الخاصة.</subfield>
		</datafield>
		<datafield n="15" tag="866">
			<subfield code="">في المكتبة :مج. 2-9 (1887:أيار-1896: كانون الاول ،15)</subfield>
		</datafield>
		<datafield n="16" tag="362">
			<subfield code=""/>
		</datafield>
	</record>