
	<record type="Bibliographic">
		<datafield n="1" tag="">
			<subfield code="">b25373237</subfield>
		</datafield>
		<datafield n="2" tag="">
			<subfield code="">s  </subfield>
		</datafield>
		<datafield n="3" tag="008">
			<subfield code="">1890</subfield>
		</datafield>
		<datafield n="4" tag="008">
			<subfield code="">1901</subfield>
		</datafield>
		<datafield n="5" tag="245">
			<subfield code="a">اللطائف الأهلية :</subfield>
			<subfield code="b">أكبر وأرخص مجلة روائية أدبية ظهرت حتى اليوم.</subfield>
		</datafield>
		<datafield n="6" tag="246">
			<subfield code="a"/>
		</datafield>
		<datafield n="7" tag="222">
			<subfield code="a">اللطائف الأهلية</subfield>
		</datafield>
		<datafield n="8" tag="260">
			<subfield code="a"/>
			<subfield code="b"/>
			<subfield code="c"/>
		</datafield>
		<datafield n="9" tag="264">
			<subfield code="a">بيروت، لبنان :</subfield>
			<subfield code="b">محمد جمال،</subfield>
			<subfield code="c">1910-</subfield>
		</datafield>
		<datafield n="10" tag="300">
			<subfield code="">"مجلد ؛ 19 سم"</subfield>
		</datafield>
		<datafield n="11" tag="310">
			<subfield code="">مرتين في الشهر.</subfield>
		</datafield>
		<datafield n="12" tag="911">
			<subfield code="">CEASE</subfield>
		</datafield>
		<datafield n="13" tag="530">
			<subfield code=""/>
		</datafield>
		<datafield n="14" tag="590">
			<subfield code=""/>
		</datafield>
		<datafield n="15" tag="866">
			<subfield code="">في المكتبة:مج.2:ع.28(1911)</subfield>
		</datafield>
		<datafield n="16" tag="362">
			<subfield code="">كانون الثاني، 1910.</subfield>
		</datafield>
	</record>