
	<record type="Bibliographic">
		<datafield n="1" tag="">
			<subfield code="">b13149660</subfield>
		</datafield>
		<datafield n="2" tag="">
			<subfield code="">1  </subfield>
		</datafield>
		<datafield n="3" tag="008">
			<subfield code="">1915</subfield>
		</datafield>
		<datafield n="4" tag="008">
			<subfield code="">1941</subfield>
		</datafield>
		<datafield n="5" tag="245">
			<subfield code="a">اللطائف المصورة :</subfield>
			<subfield code="b">مجلة فكاهية أدبية علمية تاريخية تنشر صور الحوادث الجارية ومشاهير رجال العالم.</subfield>
		</datafield>
		<datafield n="6" tag="246">
			<subfield code="a">"al-Laṭā’if al-muṣawwarah :$""Al-Lataif al-musawara"""</subfield>
		</datafield>
		<datafield n="7" tag="222">
			<subfield code="a">اللطائف المصورة</subfield>
		</datafield>
		<datafield n="8" tag="260">
			<subfield code="a"/>
			<subfield code="b"/>
			<subfield code="c"/>
		</datafield>
		<datafield n="9" tag="264">
			<subfield code="a">القاهرة :</subfield>
			<subfield code="b">إسكندر مكاريوس،</subfield>
			<subfield code="c">1915-1941.</subfield>
		</datafield>
		<datafield n="10" tag="300">
			<subfield code="">"4 بكرة ميكروفيلم : سلبي وايجابي ؛ 35 مم"</subfield>
		</datafield>
		<datafield n="11" tag="310">
			<subfield code="">اسبوعية.</subfield>
		</datafield>
		<datafield n="12" tag="911">
			<subfield code="">CEASE</subfield>
		</datafield>
		<datafield n="13" tag="530">
			<subfield code="">متوفر ايضاً على نسخة مطبوعة.</subfield>
		</datafield>
		<datafield n="14" tag="590">
			<subfield code="">"الاعداد المتوفرة في المكتبة التالية: س9، ع422 (12 مارس 1923)، س10، الاعداد 483 (12 مايو 1924)، س 10 الاعداد 484 (19 مايو 1924)، س 10 العدد 486 (3 يونيو 1924)، س 10 العدد 499 (1 سبتمبر، 1924)، س 17 الاعداد 846-881 (27 ابريل - 28 كانون الاول 1931)، س 18 الاعداد (882-907 (4 يناير-27 يوليو 1932)، س 18 الاعداد 908-936 (4 يوليو 1932-16 يناير 1933)$""نسخة مصورة على ميكروفيلم. تم التصوير في مكتبة صاحبها إسكندر مكاريوس."""</subfield>
		</datafield>
		<datafield n="15" tag="866">
			<subfield code="">في المكتبة:1923:آذار 12، 1931:نيسان-1933:كانون الثاني 16.</subfield>
		</datafield>
		<datafield n="16" tag="362">
			<subfield code=""/>
		</datafield>
	</record>