
	<record type="Bibliographic">
		<datafield n="1" tag="">
			<subfield code="">b17982911</subfield>
		</datafield>
		<datafield n="2" tag="">
			<subfield code="">s  </subfield>
		</datafield>
		<datafield n="3" tag="008">
			<subfield code="">1915</subfield>
		</datafield>
		<datafield n="4" tag="008">
			<subfield code="">1941</subfield>
		</datafield>
		<datafield n="5" tag="245">
			<subfield code="a">اللطائف المصورة :</subfield>
			<subfield code="b">مجلة فكاهية أدبية علمية تاريخية تنشر صور الحوادث الجارية ومشاهير رجال العالم.</subfield>
		</datafield>
		<datafield n="6" tag="246">
			<subfield code="a">"al-Laṭā’if al-muṣawwarah :$""Al-Lataif al-musawara"""</subfield>
		</datafield>
		<datafield n="7" tag="222">
			<subfield code="a">اللطائف المصورة</subfield>
		</datafield>
		<datafield n="8" tag="260">
			<subfield code="a"/>
			<subfield code="b"/>
			<subfield code="c"/>
		</datafield>
		<datafield n="9" tag="264">
			<subfield code="a">القاهرة :</subfield>
			<subfield code="b">[إسكندر مكاريوس]،</subfield>
			<subfield code="c">1915-1941.</subfield>
		</datafield>
		<datafield n="10" tag="300">
			<subfield code="">"مجلدات : مصورات ؛ 33 سم"</subfield>
		</datafield>
		<datafield n="11" tag="310">
			<subfield code="">اسبوعية.</subfield>
		</datafield>
		<datafield n="12" tag="911">
			<subfield code="">CEASE</subfield>
		</datafield>
		<datafield n="13" tag="530">
			<subfield code="">متوفر ايضاً على ميكروفيلم : Mic-NA:000455</subfield>
		</datafield>
		<datafield n="14" tag="590">
			<subfield code="">تحفظ الاعداد في دائرة الارشيف والمجموعات الخاصة</subfield>
		</datafield>
		<datafield n="15" tag="866">
			<subfield code="">"في المكتبة : مج.2، 3 : ع.47 - 151 (1916 - 1917) ؛ مج.6 - 21 : ع.260 - 1935 (1920 - 1935)"</subfield>
		</datafield>
		<datafield n="16" tag="362">
			<subfield code=""/>
		</datafield>
	</record>