
	<record type="Bibliographic">
		<datafield n="1" tag="">
			<subfield code="">b12828361</subfield>
		</datafield>
		<datafield n="2" tag="">
			<subfield code="">1  </subfield>
		</datafield>
		<datafield n="3" tag="008">
			<subfield code="">1921</subfield>
		</datafield>
		<datafield n="4" tag="008">
			<subfield code="">1925</subfield>
		</datafield>
		<datafield n="5" tag="245">
			<subfield code="a">اللواء المصري :</subfield>
			<subfield code="b">صحيفة الحزب الوطني /</subfield>
		</datafield>
		<datafield n="6" tag="246">
			<subfield code="a">al-Liwā’ al-Miṣrī :</subfield>
		</datafield>
		<datafield n="7" tag="222">
			<subfield code="a">اللواء المصري</subfield>
		</datafield>
		<datafield n="8" tag="260">
			<subfield code="a"/>
			<subfield code="b"/>
			<subfield code="c"/>
		</datafield>
		<datafield n="9" tag="264">
			<subfield code="a">القاهرة :</subfield>
			<subfield code="b">الحزب الوطني،</subfield>
			<subfield code="c">1921-[1925]</subfield>
		</datafield>
		<datafield n="10" tag="300">
			<subfield code="">"6 بكرة ميكروفيلم : سلبي وايجابي ؛ 35 مم"</subfield>
		</datafield>
		<datafield n="11" tag="310">
			<subfield code=""/>
		</datafield>
		<datafield n="12" tag="911">
			<subfield code="">CEASE</subfield>
		</datafield>
		<datafield n="13" tag="530">
			<subfield code=""/>
		</datafield>
		<datafield n="14" tag="590">
			<subfield code="">نسخة مصورة على ميكروفيلم. تم التصوير في دائرة المصغرات الفلمية، مكتبة يافث التذكارية، 1995.</subfield>
		</datafield>
		<datafield n="15" tag="866">
			<subfield code="">"في المكتبة:1921:آب23-أيلول؛ 1922:آذار-1923:آذار؛ 1924:آب-1925:أيار."</subfield>
		</datafield>
		<datafield n="16" tag="362">
			<subfield code=""/>
		</datafield>
	</record>