
	<record type="Bibliographic">
		<datafield n="1" tag="">
			<subfield code="">b12824525</subfield>
		</datafield>
		<datafield n="2" tag="">
			<subfield code="">s  </subfield>
		</datafield>
		<datafield n="3" tag="008">
			<subfield code="">1908</subfield>
		</datafield>
		<datafield n="4" tag="008">
			<subfield code="">1930</subfield>
		</datafield>
		<datafield n="5" tag="245">
			<subfield code="a">المباحث.</subfield>
			<subfield code="b"/>
		</datafield>
		<datafield n="6" tag="246">
			<subfield code="a">"al-Mabāḥith$""المباحث :""$""مجلة المباحث"""</subfield>
		</datafield>
		<datafield n="7" tag="222">
			<subfield code="a">المباحث</subfield>
		</datafield>
		<datafield n="8" tag="260">
			<subfield code="a"/>
			<subfield code="b"/>
			<subfield code="c"/>
		</datafield>
		<datafield n="9" tag="264">
			<subfield code="a">طرابلس :</subfield>
			<subfield code="b">[جرجي يني]،</subfield>
			<subfield code="c">1908-1930.</subfield>
		</datafield>
		<datafield n="10" tag="300">
			<subfield code="">"9 مجلدات ؛ 24 سم"</subfield>
		</datafield>
		<datafield n="11" tag="310">
			<subfield code="">شهرية.</subfield>
		</datafield>
		<datafield n="12" tag="911">
			<subfield code="">CEASE</subfield>
		</datafield>
		<datafield n="13" tag="530">
			<subfield code="">متوفر ايضاً على ميكروفيلم : Mic-NA:000532</subfield>
		</datafield>
		<datafield n="14" tag="590">
			<subfield code="">تنقص الاجزاء 7-16، 18، 19 و21.</subfield>
		</datafield>
		<datafield n="15" tag="866">
			<subfield code="">"في المكتبة: مج.1-6(1908-1914)؛ مج.14:ع.1-3(1922:تشرين الأول-كانون الأول)؛ مج.15:ع.4، 8(1923:كانون الثاني، أيار)؛ مج.16:ع.1-9(1923:تشرين الثاني، 1924:تموز)؛ مج.17(1924-1925)؛ مج.18:ع.3-6، 8(1926:آذار-حزيران، آب)؛ مج.19:ع.1-6، 7، 8، 9، 11، 12(1927)؛ مج.20(1928-1929)؛ مج.22(1930-1931)؛ مج.23:ع.1، 3، 6، 8، 10(1931:آذار، أيلول، كانون الأول)؛ مج.24:ع.1، 5، 10(1932:آذار، تموز) مج.25:ع.6، 12(1933)؛ مج.26:ع.5(1934)"</subfield>
		</datafield>
		<datafield n="16" tag="362">
			<subfield code="">صدر العدد الاول 16 تشرين الثاني 1908.</subfield>
		</datafield>
	</record>