
	<record type="Bibliographic">
		<datafield n="1" tag="">
			<subfield code="">b14482757</subfield>
		</datafield>
		<datafield n="2" tag="">
			<subfield code="">1  </subfield>
		</datafield>
		<datafield n="3" tag="008">
			<subfield code="">1908</subfield>
		</datafield>
		<datafield n="4" tag="008">
			<subfield code="">1930</subfield>
		</datafield>
		<datafield n="5" tag="245">
			<subfield code="a">المباحث.</subfield>
			<subfield code="b"/>
		</datafield>
		<datafield n="6" tag="246">
			<subfield code="a">"al-Mabāḥith$""المباحث :""$""مجلة المباحث"""</subfield>
		</datafield>
		<datafield n="7" tag="222">
			<subfield code="a">المباحث</subfield>
		</datafield>
		<datafield n="8" tag="260">
			<subfield code="a"/>
			<subfield code="b"/>
			<subfield code="c"/>
		</datafield>
		<datafield n="9" tag="264">
			<subfield code="a">طرابلس :</subfield>
			<subfield code="b">جرجي يني،</subfield>
			<subfield code="c">1908-1930.</subfield>
		</datafield>
		<datafield n="10" tag="300">
			<subfield code="">"14 بكرة ميكروفيلم : ايجابي وسلبي ؛ 35 مم"</subfield>
		</datafield>
		<datafield n="11" tag="310">
			<subfield code="">شهرية.</subfield>
		</datafield>
		<datafield n="12" tag="911">
			<subfield code="">CEASE</subfield>
		</datafield>
		<datafield n="13" tag="530">
			<subfield code="">متوفر ايضاً على نسخة مطبوعة.</subfield>
		</datafield>
		<datafield n="14" tag="590">
			<subfield code=""/>
		</datafield>
		<datafield n="15" tag="866">
			<subfield code="">"في المكتبة:مج.1-6(1908:تشرين الثاني-1914:تموز)؛ مج.17(1924:تشرين الثاني-1925:تشرين الأول)؛ مج.20(1928-1929)؛ مج.22(1930-1931)"</subfield>
		</datafield>
		<datafield n="16" tag="362">
			<subfield code="">صدر العدد الاول 16 تشرين الثاني 1908.</subfield>
		</datafield>
	</record>