
	<record type="Bibliographic">
		<datafield n="1" tag="">
			<subfield code="">b13625767</subfield>
		</datafield>
		<datafield n="2" tag="">
			<subfield code="">s  </subfield>
		</datafield>
		<datafield n="3" tag="008">
			<subfield code="">1899</subfield>
		</datafield>
		<datafield n="4" tag="008">
			<subfield code="">1899</subfield>
		</datafield>
		<datafield n="5" tag="245">
			<subfield code="a">المبدأ الصحيح :</subfield>
			<subfield code="b">جريدة إخلاصية تهذيبية فكاهية علمية تصدر كل خميس</subfield>
		</datafield>
		<datafield n="6" tag="246">
			<subfield code="a">"جريدة إخلاصية تهذيبية فكاهية علمية تصدر كل خميس$""al-Mabda’ al-ṣaḥīḥ :"""</subfield>
		</datafield>
		<datafield n="7" tag="222">
			<subfield code="a">المبدأ الصحيح</subfield>
		</datafield>
		<datafield n="8" tag="260">
			<subfield code="a"/>
			<subfield code="b"/>
			<subfield code="c"/>
		</datafield>
		<datafield n="9" tag="264">
			<subfield code="a">بيروت :</subfield>
			<subfield code="b">[الكلية السورية الانجيلية]،</subfield>
			<subfield code="c">1899</subfield>
		</datafield>
		<datafield n="10" tag="300">
			<subfield code="">مجلد.</subfield>
		</datafield>
		<datafield n="11" tag="310">
			<subfield code="">أسبوعية.</subfield>
		</datafield>
		<datafield n="12" tag="911">
			<subfield code="">CEASE</subfield>
		</datafield>
		<datafield n="13" tag="530">
			<subfield code="">متوفر ايضاً على ميكروفيلم : Mic-NA:000501.</subfield>
		</datafield>
		<datafield n="14" tag="590">
			<subfield code="">"The volume is available in AUB Archives/AA.4.2.1Student/Student Manuscript Magazines Box 2.$""تحفظ في دائرة الارشيف والمجموعات الخاصة."""</subfield>
		</datafield>
		<datafield n="15" tag="866">
			<subfield code="">في المكتبة :ع. 1-8(1899: أيار،18 - تموز،6)</subfield>
		</datafield>
		<datafield n="16" tag="362">
			<subfield code=""/>
		</datafield>
	</record>