
	<record type="Bibliographic">
		<datafield n="1" tag="">
			<subfield code="">b13168678</subfield>
		</datafield>
		<datafield n="2" tag="">
			<subfield code="">s  </subfield>
		</datafield>
		<datafield n="3" tag="008">
			<subfield code="">1915</subfield>
		</datafield>
		<datafield n="4" tag="008">
			<subfield code="">1933</subfield>
		</datafield>
		<datafield n="5" tag="245">
			<subfield code="a">المجلة :</subfield>
			<subfield code="b">صحيفة جامعة.</subfield>
		</datafield>
		<datafield n="6" tag="246">
			<subfield code="a">"al-Majallah :$""المجلة :"""</subfield>
		</datafield>
		<datafield n="7" tag="222">
			<subfield code="a">المجلة</subfield>
		</datafield>
		<datafield n="8" tag="260">
			<subfield code="a"/>
			<subfield code="b"/>
			<subfield code="c"/>
		</datafield>
		<datafield n="9" tag="264">
			<subfield code="a">بيروت :</subfield>
			<subfield code="b">الحزب السوري القومي الإجتماعي،</subfield>
			<subfield code="c">1915-[1933]</subfield>
		</datafield>
		<datafield n="10" tag="300">
			<subfield code="">"مجلدات ؛ 23 سم"</subfield>
		</datafield>
		<datafield n="11" tag="310">
			<subfield code="">شهرية.</subfield>
		</datafield>
		<datafield n="12" tag="911">
			<subfield code="">CEASE</subfield>
		</datafield>
		<datafield n="13" tag="530">
			<subfield code="">مج. 9، 10، 11 متوفر على ميكروفيلم : Mic-NA:000015.</subfield>
		</datafield>
		<datafield n="14" tag="590">
			<subfield code="">تحفظ في دائرة الارشيف والمجموعات الخاصة.</subfield>
		</datafield>
		<datafield n="15" tag="866">
			<subfield code="">"في المكتبة:مج.10(1924:شباط)؛ مج.18(1933:آذار)"</subfield>
		</datafield>
		<datafield n="16" tag="362">
			<subfield code="">صدرت سنة 1915.</subfield>
		</datafield>
	</record>