
	<record type="Bibliographic">
		<datafield n="1" tag="">
			<subfield code="">b13377334</subfield>
		</datafield>
		<datafield n="2" tag="">
			<subfield code="">1  </subfield>
		</datafield>
		<datafield n="3" tag="008">
			<subfield code="">1919</subfield>
		</datafield>
		<datafield n="4" tag="008">
			<subfield code="">1924</subfield>
		</datafield>
		<datafield n="5" tag="245">
			<subfield code="a">المجلة التجارية السورية الأميركية :</subfield>
			<subfield code="b">تجارية، صناعية، إقتصادية.</subfield>
		</datafield>
		<datafield n="6" tag="246">
			<subfield code="a">"al-Majallah al-tijārīyah al-Sūrīyah al-Amrīkīyah :$""Commercial magazine""$""Syrian-American commercial magazine"""</subfield>
		</datafield>
		<datafield n="7" tag="222">
			<subfield code="a">المجلة التجارية السورية الأميركية</subfield>
		</datafield>
		<datafield n="8" tag="260">
			<subfield code="a"/>
			<subfield code="b"/>
			<subfield code="c"/>
		</datafield>
		<datafield n="9" tag="264">
			<subfield code="a">نيويورك :</subfield>
			<subfield code="b">[سلوم مكرزل]،</subfield>
			<subfield code="c">1919-[1924].</subfield>
		</datafield>
		<datafield n="10" tag="300">
			<subfield code="">"2 بكرة ميكروفيلم : سلبي وايجابي ؛ 35 مم"</subfield>
		</datafield>
		<datafield n="11" tag="310">
			<subfield code="">شهرية.</subfield>
		</datafield>
		<datafield n="12" tag="911">
			<subfield code="">CEASE</subfield>
		</datafield>
		<datafield n="13" tag="530">
			<subfield code="">متوفر على نسخة مطبوعة.</subfield>
		</datafield>
		<datafield n="14" tag="590">
			<subfield code="">"في المكتبة: سنة 1: عدد 9/10(1919:آب-ايلول)، سنة 2:عدد 8/9(1920:آب-ايلول)، سنة 4:عدد 8/9(1922:آب-ايلول)$""نسخة مصورة على ميكروفيلم. تم التصوير في دائرة المصغرات الفلمية، مكتبة يافث التذكارية.""$""الميكروفيلم يحتوي ايضاً على الاعداد المصورة من العالم الجديد."""</subfield>
		</datafield>
		<datafield n="15" tag="866">
			<subfield code="">في المكتبة:مج.1:ع.9-10(1919:آب-ايلول)، مج. 2:ع. 8-9(1920:آب-ايلول)، مج. 4:ع. 8-9(1922:آب-ايلول)</subfield>
		</datafield>
		<datafield n="16" tag="362">
			<subfield code=""/>
		</datafield>
	</record>