
	<record type="Bibliographic">
		<datafield n="1" tag="">
			<subfield code="">b23277324</subfield>
		</datafield>
		<datafield n="2" tag="">
			<subfield code="">s  </subfield>
		</datafield>
		<datafield n="3" tag="008">
			<subfield code="">1917</subfield>
		</datafield>
		<datafield n="4" tag="008">
			<subfield code="">1918</subfield>
		</datafield>
		<datafield n="5" tag="245">
			<subfield code="a">المجلة السلفية :</subfield>
			<subfield code="b">علمية أدبية أخلاقية تاريخية إجتماعية.</subfield>
		</datafield>
		<datafield n="6" tag="246">
			<subfield code="a">Salafiyah review</subfield>
		</datafield>
		<datafield n="7" tag="222">
			<subfield code="a">المجلة السلفية</subfield>
		</datafield>
		<datafield n="8" tag="260">
			<subfield code="a"/>
			<subfield code="b"/>
			<subfield code="c"/>
		</datafield>
		<datafield n="9" tag="264">
			<subfield code="a">مصر :</subfield>
			<subfield code="b">[عبد الفتاح قتلان]،</subfield>
			<subfield code="c">1917-1918.</subfield>
		</datafield>
		<datafield n="10" tag="300">
			<subfield code="">"مجلدات ؛ 24 سم"</subfield>
		</datafield>
		<datafield n="11" tag="310">
			<subfield code="">شهرية.</subfield>
		</datafield>
		<datafield n="12" tag="911">
			<subfield code="">CEASE</subfield>
		</datafield>
		<datafield n="13" tag="530">
			<subfield code=""/>
		</datafield>
		<datafield n="14" tag="590">
			<subfield code=""/>
		</datafield>
		<datafield n="15" tag="866">
			<subfield code="">"في المكتبة: مج.1:ع.1-10(1917:شباط-تشرين الثاني)؛ مج.2:ع.1-10(1918:كانون الثاني-تشرين الأول)"</subfield>
		</datafield>
		<datafield n="16" tag="362">
			<subfield code=""/>
		</datafield>
	</record>