
	<record type="Bibliographic">
		<datafield n="1" tag="">
			<subfield code="">b25418543</subfield>
		</datafield>
		<datafield n="2" tag="">
			<subfield code="">s  </subfield>
		</datafield>
		<datafield n="3" tag="008">
			<subfield code="">1923</subfield>
		</datafield>
		<datafield n="4" tag="008">
			<subfield code="">1945</subfield>
		</datafield>
		<datafield n="5" tag="245">
			<subfield code="a">المجلة الطبية العلمية :</subfield>
			<subfield code="b">شهرية مصوّرة.</subfield>
		</datafield>
		<datafield n="6" tag="246">
			<subfield code="a"/>
		</datafield>
		<datafield n="7" tag="222">
			<subfield code="a">المجلة الطبية العلمية</subfield>
		</datafield>
		<datafield n="8" tag="260">
			<subfield code="a"/>
			<subfield code="b"/>
			<subfield code="c"/>
		</datafield>
		<datafield n="9" tag="264">
			<subfield code="a">بيروت، لبنان :</subfield>
			<subfield code="b">المطبعة الأدبية،</subfield>
			<subfield code="c">1923-1945.</subfield>
		</datafield>
		<datafield n="10" tag="300">
			<subfield code="">"مجلدات : مصورات ؛ 23 سم"</subfield>
		</datafield>
		<datafield n="11" tag="310">
			<subfield code="">شهرية.</subfield>
		</datafield>
		<datafield n="12" tag="911">
			<subfield code="">CEASE</subfield>
		</datafield>
		<datafield n="13" tag="530">
			<subfield code=""/>
		</datafield>
		<datafield n="14" tag="590">
			<subfield code=""/>
		</datafield>
		<datafield n="15" tag="866">
			<subfield code="">"في المكتبة : مج.3:ع.1-4، 7-12(1925:آب-تشرين الثاني، 1926:شباط-تموز)؛ مج.4:ع.4-7، 10-12(1926:تشرين الثاني-1927:شباط، أيار-تموز)؛ مج.5:ع.1-6، 9(1927:آب-1928:كانون الثاني، نيسان)؛ مج.10:ع.9(1933:نيسان)"</subfield>
		</datafield>
		<datafield n="16" tag="362">
			<subfield code=""/>
		</datafield>
	</record>