
	<record type="Bibliographic">
		<datafield n="1" tag="">
			<subfield code="">b13151071</subfield>
		</datafield>
		<datafield n="2" tag="">
			<subfield code="">s  </subfield>
		</datafield>
		<datafield n="3" tag="008">
			<subfield code="">1924</subfield>
		</datafield>
		<datafield n="4" tag="008">
			<subfield code="">1931</subfield>
		</datafield>
		<datafield n="5" tag="245">
			<subfield code="a">المجلة العسكرية :</subfield>
			<subfield code="b">مجلة فنية عسكرية /</subfield>
		</datafield>
		<datafield n="6" tag="246">
			<subfield code="a">"al-Majallah al-‘askarīyah :$""المجلة العسكرية :"""</subfield>
		</datafield>
		<datafield n="7" tag="222">
			<subfield code="a">المجلة العسكرية</subfield>
		</datafield>
		<datafield n="8" tag="260">
			<subfield code="a"/>
			<subfield code="b"/>
			<subfield code="c"/>
		</datafield>
		<datafield n="9" tag="264">
			<subfield code="a">بغداد :</subfield>
			<subfield code="b">رئاسة أركان الجيش،</subfield>
			<subfield code="c">1924-[1931]</subfield>
		</datafield>
		<datafield n="10" tag="300">
			<subfield code="">"8 مجلدات : مصورات ؛ 24 سم"</subfield>
		</datafield>
		<datafield n="11" tag="310">
			<subfield code="">أربع مرات في السنة.</subfield>
		</datafield>
		<datafield n="12" tag="911">
			<subfield code="">CEASE</subfield>
		</datafield>
		<datafield n="13" tag="530">
			<subfield code=""/>
		</datafield>
		<datafield n="14" tag="590">
			<subfield code=""/>
		</datafield>
		<datafield n="15" tag="866">
			<subfield code="">في المكتبة:مج.1-8(1924:نيسان -1931:كانون الثاني)</subfield>
		</datafield>
		<datafield n="16" tag="362">
			<subfield code="">صدرت سنة 1924.</subfield>
		</datafield>
	</record>