
	<record type="Bibliographic">
		<datafield n="1" tag="">
			<subfield code="">b12819839</subfield>
		</datafield>
		<datafield n="2" tag="">
			<subfield code="">s  </subfield>
		</datafield>
		<datafield n="3" tag="008">
			<subfield code="">1921</subfield>
		</datafield>
		<datafield n="4" tag="008">
			<subfield code="">1959</subfield>
		</datafield>
		<datafield n="5" tag="245">
			<subfield code="a">المجلة القضائية :</subfield>
			<subfield code="b">تنشر القوانين الصادرة في الجمهوريتين اللبنانية والسورية مع إجتهادات محاكم التمييز والإستئناف في البلدين.</subfield>
		</datafield>
		<datafield n="6" tag="246">
			<subfield code="a">"al-Majallah al-qaḍā’īyah :$""المجلة القضائية :""$""La Revue juridique"""</subfield>
		</datafield>
		<datafield n="7" tag="222">
			<subfield code="a">المجلة القضائية</subfield>
		</datafield>
		<datafield n="8" tag="260">
			<subfield code="a"/>
			<subfield code="b"/>
			<subfield code="c"/>
		</datafield>
		<datafield n="9" tag="264">
			<subfield code="a">بيروت :</subfield>
			<subfield code="b">يوسف إبراهيم صادر،</subfield>
			<subfield code="c">1921-[1959]</subfield>
		</datafield>
		<datafield n="10" tag="300">
			<subfield code="">"مجلدات ؛ 25 سم"</subfield>
		</datafield>
		<datafield n="11" tag="310">
			<subfield code=""/>
		</datafield>
		<datafield n="12" tag="911">
			<subfield code="">CEASE</subfield>
		</datafield>
		<datafield n="13" tag="530">
			<subfield code=""/>
		</datafield>
		<datafield n="14" tag="590">
			<subfield code="">"الفهرسان الاولان مجلدان مع ج 10 و15 والثالث على حده والرابع مع ج 25 والخامس والسادس على حدة.$""الفهارس 3 و5 و6 في دائرة المراجع."""</subfield>
		</datafield>
		<datafield n="15" tag="866">
			<subfield code="">في المكتبة:مج.1-39(1921:نيسان-1959:كانون الأول)</subfield>
		</datafield>
		<datafield n="16" tag="362">
			<subfield code="">صدرت السنة الأولى  1921.</subfield>
		</datafield>
	</record>