
	<record type="Bibliographic">
		<datafield n="1" tag="">
			<subfield code="">b18449712</subfield>
		</datafield>
		<datafield n="2" tag="">
			<subfield code="">s  </subfield>
		</datafield>
		<datafield n="3" tag="008">
			<subfield code="">1900</subfield>
		</datafield>
		<datafield n="4" tag="008">
			<subfield code="">1902</subfield>
		</datafield>
		<datafield n="5" tag="245">
			<subfield code="a">المجلة المصرية :</subfield>
			<subfield code="b">أدبية سياسية تاريخية قضائية إقتصادية علمية زراعية.</subfield>
		</datafield>
		<datafield n="6" tag="246">
			<subfield code="a">al-Majallah al Miṣrīyah :</subfield>
		</datafield>
		<datafield n="7" tag="222">
			<subfield code="a">المجلة المصرية</subfield>
		</datafield>
		<datafield n="8" tag="260">
			<subfield code="a"/>
			<subfield code="b"/>
			<subfield code="c"/>
		</datafield>
		<datafield n="9" tag="264">
			<subfield code="a">مصر :</subfield>
			<subfield code="b">[الناشر غير محدد]،</subfield>
			<subfield code="c">1900-[1902]</subfield>
		</datafield>
		<datafield n="10" tag="300">
			<subfield code="">"مجلدات : مصورات ؛ 30 سم"</subfield>
		</datafield>
		<datafield n="11" tag="310">
			<subfield code="">شهرية.</subfield>
		</datafield>
		<datafield n="12" tag="911">
			<subfield code="">CEASE</subfield>
		</datafield>
		<datafield n="13" tag="530">
			<subfield code=""/>
		</datafield>
		<datafield n="14" tag="590">
			<subfield code=""/>
		</datafield>
		<datafield n="15" tag="866">
			<subfield code="">في المكتبة:س.1:ع.3-24(1900:تموز-1901:أيار)، س.2:ع.20-24(1902:آذار-أيار)، س.3:ع.3(1902:تموز)</subfield>
		</datafield>
		<datafield n="16" tag="362">
			<subfield code="">صدرت السنة الاول 1900.</subfield>
		</datafield>
	</record>