
	<record type="Bibliographic">
		<datafield n="1" tag="">
			<subfield code="">b23277270</subfield>
		</datafield>
		<datafield n="2" tag="">
			<subfield code="">s  </subfield>
		</datafield>
		<datafield n="3" tag="008">
			<subfield code="">1900</subfield>
		</datafield>
		<datafield n="4" tag="008">
			<subfield code="">1909</subfield>
		</datafield>
		<datafield n="5" tag="245">
			<subfield code="a">المجلة المصرية :</subfield>
			<subfield code="b">أسبوعية جامعة.</subfield>
		</datafield>
		<datafield n="6" tag="246">
			<subfield code="a"/>
		</datafield>
		<datafield n="7" tag="222">
			<subfield code="a">المجلة المصرية</subfield>
		</datafield>
		<datafield n="8" tag="260">
			<subfield code="a"/>
			<subfield code="b"/>
			<subfield code="c"/>
		</datafield>
		<datafield n="9" tag="264">
			<subfield code="a">مصر :</subfield>
			<subfield code="b">[خليل مطران]،</subfield>
			<subfield code="c">1900-1909.</subfield>
		</datafield>
		<datafield n="10" tag="300">
			<subfield code="">"مجلد ؛ 26 سم"</subfield>
		</datafield>
		<datafield n="11" tag="310">
			<subfield code="">أسبوعية.</subfield>
		</datafield>
		<datafield n="12" tag="911">
			<subfield code="">CEASE</subfield>
		</datafield>
		<datafield n="13" tag="530">
			<subfield code=""/>
		</datafield>
		<datafield n="14" tag="590">
			<subfield code=""/>
		</datafield>
		<datafield n="15" tag="866">
			<subfield code="">"في المكتبة: مج.1:ع.1-7، 9-18، 21، 22(1900:حزيران-1901:شباط، آذار)؛ مج.2:ع.1-24(1901:حزيران-1902:أيار)؛ مج.3:ع.1-18(1909:كانون الثاني- حزيران)"</subfield>
		</datafield>
		<datafield n="16" tag="362">
			<subfield code="">السنة الأولى، العدد الأول (حزيران 1900)-السنة الثالثة، العدد 18(حزيران 1909)</subfield>
		</datafield>
	</record>