
	<record type="Bibliographic">
		<datafield n="1" tag="">
			<subfield code="">b13158156</subfield>
		</datafield>
		<datafield n="2" tag="">
			<subfield code="">s  </subfield>
		</datafield>
		<datafield n="3" tag="008">
			<subfield code="">1927</subfield>
		</datafield>
		<datafield n="4" tag="008">
			<subfield code="">1958</subfield>
		</datafield>
		<datafield n="5" tag="245">
			<subfield code="a">المجموعة الإحصائية السنوية العامة /</subfield>
			<subfield code="b"/>
		</datafield>
		<datafield n="6" tag="246">
			<subfield code="a">"Statistical abstract$""al-Majmū‘ah al-Iḥṣāʼīyah al-sanawīyah al-‘Āmmah"""</subfield>
		</datafield>
		<datafield n="7" tag="222">
			<subfield code="a">المجموعة الإحصائية السنوية العامة </subfield>
		</datafield>
		<datafield n="8" tag="260">
			<subfield code="a"/>
			<subfield code="b"/>
			<subfield code="c"/>
		</datafield>
		<datafield n="9" tag="264">
			<subfield code="a">بغداد :</subfield>
			<subfield code="b">الدائرة الرئيسية للإحصاء،</subfield>
			<subfield code="c">[1927-1958]</subfield>
		</datafield>
		<datafield n="10" tag="300">
			<subfield code="">"مجلدات ؛ 38 سم"</subfield>
		</datafield>
		<datafield n="11" tag="310">
			<subfield code="">سنوية.</subfield>
		</datafield>
		<datafield n="12" tag="911">
			<subfield code="">CEASE</subfield>
		</datafield>
		<datafield n="13" tag="530">
			<subfield code=""/>
		</datafield>
		<datafield n="14" tag="590">
			<subfield code=""/>
		</datafield>
		<datafield n="15" tag="866">
			<subfield code="">في المكتبة:1938/1927، 1940-1947 ، 1949 ،1950- 1958.</subfield>
		</datafield>
		<datafield n="16" tag="362">
			<subfield code=""/>
		</datafield>
	</record>