
	<record type="Bibliographic">
		<datafield n="1" tag="">
			<subfield code="">b12829213</subfield>
		</datafield>
		<datafield n="2" tag="">
			<subfield code="">s  </subfield>
		</datafield>
		<datafield n="3" tag="008">
			<subfield code="">1922</subfield>
		</datafield>
		<datafield n="4" tag="008">
			<subfield code="">1985</subfield>
		</datafield>
		<datafield n="5" tag="245">
			<subfield code="a">المجموعة الإقتصادية /</subfield>
			<subfield code="b"/>
		</datafield>
		<datafield n="6" tag="246">
			<subfield code="a">"al-Majmūʻah al-iqtiṣādīyah$""المجموعة السنوية لغرفة تجارة حلب"""</subfield>
		</datafield>
		<datafield n="7" tag="222">
			<subfield code="a">المجموعة الإقتصادية</subfield>
		</datafield>
		<datafield n="8" tag="260">
			<subfield code="a"/>
			<subfield code="b"/>
			<subfield code="c"/>
		</datafield>
		<datafield n="9" tag="264">
			<subfield code="a">حلب :</subfield>
			<subfield code="b">غرفة تجارة حلب،</subfield>
			<subfield code="c">1922-[1985]</subfield>
		</datafield>
		<datafield n="10" tag="300">
			<subfield code="">"27 مجلد : مصورات ؛ 24 سم"</subfield>
		</datafield>
		<datafield n="11" tag="310">
			<subfield code=""/>
		</datafield>
		<datafield n="12" tag="911">
			<subfield code="">CEASE</subfield>
		</datafield>
		<datafield n="13" tag="530">
			<subfield code=""/>
		</datafield>
		<datafield n="14" tag="590">
			<subfield code=""/>
		</datafield>
		<datafield n="15" tag="866">
			<subfield code="">في المكتبة:1922، 1925-1964+ ملحق 1985.</subfield>
		</datafield>
		<datafield n="16" tag="362">
			<subfield code=""/>
		</datafield>
	</record>