
	<record type="Bibliographic">
		<datafield n="1" tag="">
			<subfield code="">b12819608</subfield>
		</datafield>
		<datafield n="2" tag="">
			<subfield code="">s  </subfield>
		</datafield>
		<datafield n="3" tag="008">
			<subfield code="">1927</subfield>
		</datafield>
		<datafield n="4" tag="008">
			<subfield code="">1940</subfield>
		</datafield>
		<datafield n="5" tag="245">
			<subfield code="a">المحامي :</subfield>
			<subfield code="b">مجلة حقوقية إنتقادية /</subfield>
		</datafield>
		<datafield n="6" tag="246">
			<subfield code="a">"المحامي :$""المحامي :"""</subfield>
		</datafield>
		<datafield n="7" tag="222">
			<subfield code="a">المحامي</subfield>
		</datafield>
		<datafield n="8" tag="260">
			<subfield code="a"/>
			<subfield code="b"/>
			<subfield code="c"/>
		</datafield>
		<datafield n="9" tag="264">
			<subfield code="a">بيروت :</subfield>
			<subfield code="b">نقابة المحامين،</subfield>
			<subfield code="c">1927-[1940]</subfield>
		</datafield>
		<datafield n="10" tag="300">
			<subfield code="">13 مجلد</subfield>
		</datafield>
		<datafield n="11" tag="310">
			<subfield code="">نصف شهرية.</subfield>
		</datafield>
		<datafield n="12" tag="911">
			<subfield code="">CEASE</subfield>
		</datafield>
		<datafield n="13" tag="530">
			<subfield code=""/>
		</datafield>
		<datafield n="14" tag="590">
			<subfield code=""/>
		</datafield>
		<datafield n="15" tag="866">
			<subfield code="">في المكتبة :مج.1-13(1927-1940)</subfield>
		</datafield>
		<datafield n="16" tag="362">
			<subfield code="">صدر العدد الاول سنة 1927.</subfield>
		</datafield>
	</record>