
	<record type="Bibliographic">
		<datafield n="1" tag="">
			<subfield code="">b23277646</subfield>
		</datafield>
		<datafield n="2" tag="">
			<subfield code="">s  </subfield>
		</datafield>
		<datafield n="3" tag="008">
			<subfield code="">1902</subfield>
		</datafield>
		<datafield n="4" tag="008">
			<subfield code="">1914</subfield>
		</datafield>
		<datafield n="5" tag="245">
			<subfield code="a">المحيط :</subfield>
			<subfield code="b">مجلة علمية روائية زراعية فكاهية مصورة.</subfield>
		</datafield>
		<datafield n="6" tag="246">
			<subfield code="a">al-Moheet :</subfield>
		</datafield>
		<datafield n="7" tag="222">
			<subfield code="a">المحيط</subfield>
		</datafield>
		<datafield n="8" tag="260">
			<subfield code="a"/>
			<subfield code="b"/>
			<subfield code="c"/>
		</datafield>
		<datafield n="9" tag="264">
			<subfield code="a">الفجالة، مصر :</subfield>
			<subfield code="b">مطبعة المحيط،</subfield>
			<subfield code="c">1902-1914.</subfield>
		</datafield>
		<datafield n="10" tag="300">
			<subfield code=""/>
		</datafield>
		<datafield n="11" tag="310">
			<subfield code="">شهرية.</subfield>
		</datafield>
		<datafield n="12" tag="911">
			<subfield code="">CEASE</subfield>
		</datafield>
		<datafield n="13" tag="530">
			<subfield code=""/>
		</datafield>
		<datafield n="14" tag="590">
			<subfield code=""/>
		</datafield>
		<datafield n="15" tag="866">
			<subfield code="">"في المكتبة:مج.9:ع.9/10(1911:تشرين الثاني/كانون الأول)؛ مج.10:ع.1، 2، 6-9(1912:كانون الثاني، شباط، آب، أيلول، تشرين الثاني)؛ مج.11:ع.1، 3-9(1913:كانون الثاني، آذار-تشرين الثاني)؛ مج.12:ع.1- 4(1914:كانون الثاني-نيسان)"</subfield>
		</datafield>
		<datafield n="16" tag="362">
			<subfield code=""/>
		</datafield>
	</record>