
	<record type="Bibliographic">
		<datafield n="1" tag="">
			<subfield code="">b17375642</subfield>
		</datafield>
		<datafield n="2" tag="">
			<subfield code="">1  </subfield>
		</datafield>
		<datafield n="3" tag="008">
			<subfield code="">1908</subfield>
		</datafield>
		<datafield n="4" tag="008">
			<subfield code="">1913</subfield>
		</datafield>
		<datafield n="5" tag="245">
			<subfield code="a">المراقب :</subfield>
			<subfield code="b">جريدة سياسية ادبية إجتماعية صناعية زراعية فكاهية.</subfield>
		</datafield>
		<datafield n="6" tag="246">
			<subfield code="a">al-Murāqib :</subfield>
		</datafield>
		<datafield n="7" tag="222">
			<subfield code="a">المراقب</subfield>
		</datafield>
		<datafield n="8" tag="260">
			<subfield code="a"/>
			<subfield code="b"/>
			<subfield code="c"/>
		</datafield>
		<datafield n="9" tag="264">
			<subfield code="a">بيروت :</subfield>
			<subfield code="b">جرجي شاهين عطية،</subfield>
			<subfield code="c">1908-[1913]</subfield>
		</datafield>
		<datafield n="10" tag="300">
			<subfield code="">"1 بكرة ميكروفيلم سلبي وايجابي ؛ 35 مم"</subfield>
		</datafield>
		<datafield n="11" tag="310">
			<subfield code="">اسبوعية</subfield>
		</datafield>
		<datafield n="12" tag="911">
			<subfield code="">CEASE</subfield>
		</datafield>
		<datafield n="13" tag="530">
			<subfield code="">متوفر ايضاً نسخة مطبوعة.</subfield>
		</datafield>
		<datafield n="14" tag="590">
			<subfield code="">"تنقص الصفحات التالية: العدد الثاني: الصفحات 23-26؛ العدد الرابع عشر : الصفحات 219-220؛ العدد الثامن عشر: 283-284؛ العدد التاسع عشر: الصفحات 293-294."</subfield>
		</datafield>
		<datafield n="15" tag="866">
			<subfield code="">في المكتبة:1908 : كانون الاول - 1910 : كانون الاول.</subfield>
		</datafield>
		<datafield n="16" tag="362">
			<subfield code=""/>
		</datafield>
	</record>