
	<record type="Bibliographic">
		<datafield n="1" tag="">
			<subfield code="">b12826765</subfield>
		</datafield>
		<datafield n="2" tag="">
			<subfield code="">s  </subfield>
		</datafield>
		<datafield n="3" tag="008">
			<subfield code="">1921</subfield>
		</datafield>
		<datafield n="4" tag="008">
			<subfield code="">1927</subfield>
		</datafield>
		<datafield n="5" tag="245">
			<subfield code="a">المرأة الجديدة :</subfield>
			<subfield code="b">مجلة غايتها بث روح التربية الإستقلالية وتحسين الحياة العاثلية وترقية المرأة السورية ادبياً وعلمياً واجتماعياً /</subfield>
		</datafield>
		<datafield n="6" tag="246">
			<subfield code="a">"al-Marʼah al-jadīdah :$""مجلة المرأة الجديدة"""</subfield>
		</datafield>
		<datafield n="7" tag="222">
			<subfield code="a">المرأة الجديدة</subfield>
		</datafield>
		<datafield n="8" tag="260">
			<subfield code="a"/>
			<subfield code="b"/>
			<subfield code="c"/>
		</datafield>
		<datafield n="9" tag="264">
			<subfield code="a">بيروت :</subfield>
			<subfield code="b">جامعة السيدات،</subfield>
			<subfield code="c">1921-1927.</subfield>
		</datafield>
		<datafield n="10" tag="300">
			<subfield code="">"مجلدات : مصورات ؛ 30 سم"</subfield>
		</datafield>
		<datafield n="11" tag="310">
			<subfield code="">شهرية.</subfield>
		</datafield>
		<datafield n="12" tag="911">
			<subfield code="">CEASE</subfield>
		</datafield>
		<datafield n="13" tag="530">
			<subfield code="">متوفر ايضاً على ميكروفيلم : Mic-NA:000205.</subfield>
		</datafield>
		<datafield n="14" tag="590">
			<subfield code="">"يوجد نسختين من الاجزاء  2 و 3$""تحفظ المجلدات في دائرة الارشيف والمجموعات الخاصة"""</subfield>
		</datafield>
		<datafield n="15" tag="866">
			<subfield code="">في المكتبة: مج.1:ع.1-مج.7:ع.5(1921:كانون الثاني-1927:أيار)</subfield>
		</datafield>
		<datafield n="16" tag="362">
			<subfield code=""/>
		</datafield>
	</record>