
	<record type="Bibliographic">
		<datafield n="1" tag="">
			<subfield code="">b21209078</subfield>
		</datafield>
		<datafield n="2" tag="">
			<subfield code="">s  </subfield>
		</datafield>
		<datafield n="3" tag="008">
			<subfield code="">1923</subfield>
		</datafield>
		<datafield n="4" tag="008">
			<subfield code="">1925</subfield>
		</datafield>
		<datafield n="5" tag="245">
			<subfield code="a">المرساة :</subfield>
			<subfield code="b">مجلة إقتصادية يصدرها طلبة القسم التجاري في الجامعة الاميركية = The Anchor : A Magazine by the Commercial Department of the American University of Beirut.</subfield>
		</datafield>
		<datafield n="6" tag="246">
			<subfield code="a">"مجلة إقتصادية يصدرها طلبة القسم التجاري في الجامعة الاميركية$""The Anchor :""$""The Anchor :""$""al-Marsāht:"""</subfield>
		</datafield>
		<datafield n="7" tag="222">
			<subfield code="a">المرساة</subfield>
		</datafield>
		<datafield n="8" tag="260">
			<subfield code="a"/>
			<subfield code="b"/>
			<subfield code="c"/>
		</datafield>
		<datafield n="9" tag="264">
			<subfield code="a">بيروت :</subfield>
			<subfield code="b">الجامعة الاميركية في بيروت،</subfield>
			<subfield code="c">1923-1925.</subfield>
		</datafield>
		<datafield n="10" tag="300">
			<subfield code="">4 أعداد.</subfield>
		</datafield>
		<datafield n="11" tag="310">
			<subfield code=""/>
		</datafield>
		<datafield n="12" tag="911">
			<subfield code="">CEASE</subfield>
		</datafield>
		<datafield n="13" tag="530">
			<subfield code=""/>
		</datafield>
		<datafield n="14" tag="590">
			<subfield code="">"تحفظ في دائرة الارشيف والمجموعات الخاصة.$""The volume is available in AUB Archives/AA.4.2.1Student/Student Manuscript Magazines Box 17."""</subfield>
		</datafield>
		<datafield n="15" tag="866">
			<subfield code="">"في المكتبة : سنة 2 ع. 1-3 (1923-1924)؛ ع. شباط (1925)."</subfield>
		</datafield>
		<datafield n="16" tag="362">
			<subfield code=""/>
		</datafield>
	</record>