
	<record type="Bibliographic">
		<datafield n="1" tag="">
			<subfield code="">b25837576</subfield>
		</datafield>
		<datafield n="2" tag="">
			<subfield code="">s  </subfield>
		</datafield>
		<datafield n="3" tag="008">
			<subfield code="">1926</subfield>
		</datafield>
		<datafield n="4" tag="008">
			<subfield code="">192u</subfield>
		</datafield>
		<datafield n="5" tag="245">
			<subfield code="a">المرشد :</subfield>
			<subfield code="b">مجلة دينية علمية أدبية.</subfield>
		</datafield>
		<datafield n="6" tag="246">
			<subfield code="a"/>
		</datafield>
		<datafield n="7" tag="222">
			<subfield code="a">المرشد</subfield>
		</datafield>
		<datafield n="8" tag="260">
			<subfield code="a"/>
			<subfield code="b"/>
			<subfield code="c"/>
		</datafield>
		<datafield n="9" tag="264">
			<subfield code="a">بغداد، العراق :</subfield>
			<subfield code="b">مطبعة الآداب،</subfield>
			<subfield code="c">[1926-192؟]</subfield>
		</datafield>
		<datafield n="10" tag="300">
			<subfield code="">"أعداد ؛ 25 سم"</subfield>
		</datafield>
		<datafield n="11" tag="310">
			<subfield code="">شهرية.</subfield>
		</datafield>
		<datafield n="12" tag="911">
			<subfield code="">CEASE</subfield>
		</datafield>
		<datafield n="13" tag="530">
			<subfield code=""/>
		</datafield>
		<datafield n="14" tag="590">
			<subfield code=""/>
		</datafield>
		<datafield n="15" tag="866">
			<subfield code="">"في المكتبة: مج.2:ع.9، 10(1927:تشرين الأول، تشرين الثاني)؛ مج.3:ع.1، 4، 5(1928:آب، تموز)؛ مج.4:ع.2، 4-7(1929:حزيران- أيلول)"</subfield>
		</datafield>
		<datafield n="16" tag="362">
			<subfield code=""/>
		</datafield>
	</record>