
	<record type="Bibliographic">
		<datafield n="1" tag="">
			<subfield code="">b12819281</subfield>
		</datafield>
		<datafield n="2" tag="">
			<subfield code="">s  </subfield>
		</datafield>
		<datafield n="3" tag="008">
			<subfield code="">1910</subfield>
		</datafield>
		<datafield n="4" tag="008">
			<subfield code="">9999</subfield>
		</datafield>
		<datafield n="5" tag="245">
			<subfield code="a">المسرة :</subfield>
			<subfield code="b">مجلة بطريركية الروم الكاثوليك : دينية، علمية، تاريخية، اخبارية /</subfield>
		</datafield>
		<datafield n="6" tag="246">
			<subfield code="a">al-Masarrah :</subfield>
		</datafield>
		<datafield n="7" tag="222">
			<subfield code="a">المسرة</subfield>
		</datafield>
		<datafield n="8" tag="260">
			<subfield code="a"/>
			<subfield code="b"/>
			<subfield code="c"/>
		</datafield>
		<datafield n="9" tag="264">
			<subfield code="a">حريصا، لبنان :</subfield>
			<subfield code="b">الآباء المرسلين البولسيين،</subfield>
			<subfield code="c">1910-</subfield>
		</datafield>
		<datafield n="10" tag="300">
			<subfield code="">"مجلدات ؛ 21 سم"</subfield>
		</datafield>
		<datafield n="11" tag="310">
			<subfield code="">مرتين بالشهر.</subfield>
		</datafield>
		<datafield n="12" tag="911">
			<subfield code="">ACTIV</subfield>
		</datafield>
		<datafield n="13" tag="530">
			<subfield code="">متوفر ايضاً على ميكروفيلم : Mic-NA:000525</subfield>
		</datafield>
		<datafield n="14" tag="590">
			<subfield code=""/>
		</datafield>
		<datafield n="15" tag="866">
			<subfield code="">"في المكتبة :مج.1:ع.1-مج.98:ع.914(1910-2012)؛ مج.103:ع.938(2017)-"</subfield>
		</datafield>
		<datafield n="16" tag="362">
			<subfield code="">صدرت السنة الأولى الجزء الأول 1 حزيران 1910 .</subfield>
		</datafield>
	</record>