
	<record type="Bibliographic">
		<datafield n="1" tag="">
			<subfield code="">b12825347</subfield>
		</datafield>
		<datafield n="2" tag="">
			<subfield code="">s  </subfield>
		</datafield>
		<datafield n="3" tag="008">
			<subfield code="">1898</subfield>
		</datafield>
		<datafield n="4" tag="008">
			<subfield code="">9999</subfield>
		</datafield>
		<datafield n="5" tag="245">
			<subfield code="a">المشرق :</subfield>
			<subfield code="b">مجلة كاثوليكية شرقية /</subfield>
		</datafield>
		<datafield n="6" tag="246">
			<subfield code="a">"al-Mashriq :$""المشرق :""$""al-Machriq"""</subfield>
		</datafield>
		<datafield n="7" tag="222">
			<subfield code="a">المشرق</subfield>
		</datafield>
		<datafield n="8" tag="260">
			<subfield code="a"/>
			<subfield code="b"/>
			<subfield code="c"/>
		</datafield>
		<datafield n="9" tag="264">
			<subfield code="a">بيروت :</subfield>
			<subfield code="b">آباء جامعة القديس يوسف،</subfield>
			<subfield code="c">1898-</subfield>
		</datafield>
		<datafield n="10" tag="300">
			<subfield code="">"مجلدات : مصورات ؛ 25 سم"</subfield>
		</datafield>
		<datafield n="11" tag="310">
			<subfield code="">نصف سنوية.</subfield>
		</datafield>
		<datafield n="12" tag="911">
			<subfield code="">ACTIV</subfield>
		</datafield>
		<datafield n="13" tag="530">
			<subfield code="">متوفر ايضاً على ميكروفيلم : Mic-NA:000352</subfield>
		</datafield>
		<datafield n="14" tag="590">
			<subfield code=""/>
		</datafield>
		<datafield n="15" tag="866">
			<subfield code="">في المكتبة:مج.1 (1898) -</subfield>
		</datafield>
		<datafield n="16" tag="362">
			<subfield code="">صدر السنة الأولى 1898.</subfield>
		</datafield>
	</record>