
	<record type="Bibliographic">
		<datafield n="1" tag="">
			<subfield code="">b13150741</subfield>
		</datafield>
		<datafield n="2" tag="">
			<subfield code="">1  </subfield>
		</datafield>
		<datafield n="3" tag="008">
			<subfield code="">1898</subfield>
		</datafield>
		<datafield n="4" tag="008">
			<subfield code="">9999</subfield>
		</datafield>
		<datafield n="5" tag="245">
			<subfield code="a">المشرق :</subfield>
			<subfield code="b">مجلة كاثوليكية شرقية /</subfield>
		</datafield>
		<datafield n="6" tag="246">
			<subfield code="a">"al-Mashriq :$""al-Machriq"""</subfield>
		</datafield>
		<datafield n="7" tag="222">
			<subfield code="a">المشرق</subfield>
		</datafield>
		<datafield n="8" tag="260">
			<subfield code="a"/>
			<subfield code="b"/>
			<subfield code="c"/>
		</datafield>
		<datafield n="9" tag="264">
			<subfield code="a">بيروت :</subfield>
			<subfield code="b">آباء جامعة القديس يوسف،</subfield>
			<subfield code="c">1898-</subfield>
		</datafield>
		<datafield n="10" tag="300">
			<subfield code="">"42 بكرة ميكروفيلم : سلبي وايجابي ؛ 35 مم"</subfield>
		</datafield>
		<datafield n="11" tag="310">
			<subfield code="">نصف سنوية</subfield>
		</datafield>
		<datafield n="12" tag="911">
			<subfield code="">CEASE</subfield>
		</datafield>
		<datafield n="13" tag="530">
			<subfield code="">متوفر ايضاً على نسخة مطبوعة.</subfield>
		</datafield>
		<datafield n="14" tag="590">
			<subfield code="">نسخة مصورة على ميكروفيلم. تم التصوير في دائرة المصغرات الفلمية، مكتبة يافث التذكارية، 1998.</subfield>
		</datafield>
		<datafield n="15" tag="866">
			<subfield code="">في المكتبة:1898:كانون الثاني-1910:كانون الاول،1912:كانون الثاني- 1914:كانون الاول،1920:كانون الثاني-1941:كانون اول،1944/1946، 1947:كانون الثاني-1950:كانون اول.</subfield>
		</datafield>
		<datafield n="16" tag="362">
			<subfield code="">صدر السنة الأولى 1898.</subfield>
		</datafield>
	</record>