
	<record type="Bibliographic">
		<datafield n="1" tag="">
			<subfield code="">b12826789</subfield>
		</datafield>
		<datafield n="2" tag="">
			<subfield code="">s  </subfield>
		</datafield>
		<datafield n="3" tag="008">
			<subfield code="">1924</subfield>
		</datafield>
		<datafield n="4" tag="008">
			<subfield code="">1962</subfield>
		</datafield>
		<datafield n="5" tag="245">
			<subfield code="a">المصور :</subfield>
			<subfield code="b">مجلة مصورة /</subfield>
		</datafield>
		<datafield n="6" tag="246">
			<subfield code="a">"al-Muṣawwar :$""مجلة المصور"""</subfield>
		</datafield>
		<datafield n="7" tag="222">
			<subfield code="a">المصور</subfield>
		</datafield>
		<datafield n="8" tag="260">
			<subfield code="a"/>
			<subfield code="b"/>
			<subfield code="c"/>
		</datafield>
		<datafield n="9" tag="264">
			<subfield code="a">القاهرة :</subfield>
			<subfield code="b">دار الهلال،</subfield>
			<subfield code="c">1924-1962.</subfield>
		</datafield>
		<datafield n="10" tag="300">
			<subfield code="">74 مجلد</subfield>
		</datafield>
		<datafield n="11" tag="310">
			<subfield code="">أسبوعية.</subfield>
		</datafield>
		<datafield n="12" tag="911">
			<subfield code="">CEASE</subfield>
		</datafield>
		<datafield n="13" tag="530">
			<subfield code="">متوفر ايضاً على ميكروفيلم : Mic-NA:000175</subfield>
		</datafield>
		<datafield n="14" tag="590">
			<subfield code="">ينقص المجموعة بعض الأعداد</subfield>
		</datafield>
		<datafield n="15" tag="866">
			<subfield code="">في المكتبة :1925-1962.</subfield>
		</datafield>
		<datafield n="16" tag="362">
			<subfield code=""/>
		</datafield>
	</record>