
	<record type="Bibliographic">
		<datafield n="1" tag="">
			<subfield code="">b1282530x</subfield>
		</datafield>
		<datafield n="2" tag="">
			<subfield code="">s  </subfield>
		</datafield>
		<datafield n="3" tag="008">
			<subfield code="">1918</subfield>
		</datafield>
		<datafield n="4" tag="008">
			<subfield code="">19uu</subfield>
		</datafield>
		<datafield n="5" tag="245">
			<subfield code="a">المعارف.</subfield>
			<subfield code="b"/>
		</datafield>
		<datafield n="6" tag="246">
			<subfield code="a">al-Ma‘ārif</subfield>
		</datafield>
		<datafield n="7" tag="222">
			<subfield code="a">المعارف</subfield>
		</datafield>
		<datafield n="8" tag="260">
			<subfield code="a"/>
			<subfield code="b"/>
			<subfield code="c"/>
		</datafield>
		<datafield n="9" tag="264">
			<subfield code="a">بيروت :</subfield>
			<subfield code="b">[وديع نقولا حنا]،</subfield>
			<subfield code="c">1918-[19؟؟]</subfield>
		</datafield>
		<datafield n="10" tag="300">
			<subfield code="">10 مجلدات</subfield>
		</datafield>
		<datafield n="11" tag="310">
			<subfield code="">شهرية.</subfield>
		</datafield>
		<datafield n="12" tag="911">
			<subfield code="">CEASE</subfield>
		</datafield>
		<datafield n="13" tag="530">
			<subfield code=""/>
		</datafield>
		<datafield n="14" tag="590">
			<subfield code=""/>
		</datafield>
		<datafield n="15" tag="866">
			<subfield code="">"في المكتبة: مج.1:ع.8(1918:أيلول)؛ مج.2:ع.6، 10(1919:نيسان)؛ مج.4-مج.12(1920-1929)؛ مج.13:ع.7(1930:تموز)؛ مج.14(1931)؛ مج.15:ع.7(1932:أيلول)+فهرس الجزئين كانون الثاني وشباط؛ مج.16:ع.8/9(1933:تشرين الأول/تشرين الثاني)؛ مج.18:ع.23/24(1935:كانون الأول)"</subfield>
		</datafield>
		<datafield n="16" tag="362">
			<subfield code="">صدرت في شباط 1918.</subfield>
		</datafield>
	</record>