
	<record type="Bibliographic">
		<datafield n="1" tag="">
			<subfield code="">b12827733</subfield>
		</datafield>
		<datafield n="2" tag="">
			<subfield code="">1  </subfield>
		</datafield>
		<datafield n="3" tag="008">
			<subfield code="">1921</subfield>
		</datafield>
		<datafield n="4" tag="008">
			<subfield code="">1936</subfield>
		</datafield>
		<datafield n="5" tag="245">
			<subfield code="a">المعرض.</subfield>
			<subfield code="b"/>
		</datafield>
		<datafield n="6" tag="246">
			<subfield code="a">al-Ma‘raḍ</subfield>
		</datafield>
		<datafield n="7" tag="222">
			<subfield code="a">المعرض </subfield>
		</datafield>
		<datafield n="8" tag="260">
			<subfield code="a"/>
			<subfield code="b"/>
			<subfield code="c"/>
		</datafield>
		<datafield n="9" tag="264">
			<subfield code="a">بيروت :</subfield>
			<subfield code="b">ميشال زكور،</subfield>
			<subfield code="c">1921-1936.</subfield>
		</datafield>
		<datafield n="10" tag="300">
			<subfield code="">"15 بكرة ميكروفيلم : ايجابي، سلبي ؛ 35 مم"</subfield>
		</datafield>
		<datafield n="11" tag="310">
			<subfield code=""/>
		</datafield>
		<datafield n="12" tag="911">
			<subfield code="">CEASE</subfield>
		</datafield>
		<datafield n="13" tag="530">
			<subfield code="">متوفر ايضاً على نسخة مطبوعة.</subfield>
		</datafield>
		<datafield n="14" tag="590">
			<subfield code="">نسخة مصورة على ميكروفيلم. تم التصوير في دائرة المصغرات الفلمية، مكتبة يافث التذكارية، 1988</subfield>
		</datafield>
		<datafield n="15" tag="866">
			<subfield code="">في المكتبة :1921:ايار-1932:آب،1934:ايار-1936:حزيران.</subfield>
		</datafield>
		<datafield n="16" tag="362">
			<subfield code="">صدر العدد الاول ايار 1921.</subfield>
		</datafield>
	</record>