
	<record type="Bibliographic">
		<datafield n="1" tag="">
			<subfield code="">b13168691</subfield>
		</datafield>
		<datafield n="2" tag="">
			<subfield code="">s  </subfield>
		</datafield>
		<datafield n="3" tag="008">
			<subfield code="">1906</subfield>
		</datafield>
		<datafield n="4" tag="008">
			<subfield code="">1917</subfield>
		</datafield>
		<datafield n="5" tag="245">
			<subfield code="a">المقتبس :</subfield>
			<subfield code="b">مجلة أدبية علمية إجتماعية.</subfield>
		</datafield>
		<datafield n="6" tag="246">
			<subfield code="a">al-Muqtabas :</subfield>
		</datafield>
		<datafield n="7" tag="222">
			<subfield code="a">المقتبس</subfield>
		</datafield>
		<datafield n="8" tag="260">
			<subfield code="a"/>
			<subfield code="b"/>
			<subfield code="c"/>
		</datafield>
		<datafield n="9" tag="264">
			<subfield code="a">القاهرة :</subfield>
			<subfield code="b">مطبعة المقتبس،</subfield>
			<subfield code="c">1906-1917.</subfield>
		</datafield>
		<datafield n="10" tag="300">
			<subfield code="">"2 مجلد ؛ 25 سم."</subfield>
		</datafield>
		<datafield n="11" tag="310">
			<subfield code="">شهرية.</subfield>
		</datafield>
		<datafield n="12" tag="911">
			<subfield code="">CEASE</subfield>
		</datafield>
		<datafield n="13" tag="530">
			<subfield code="">ايضاً نسخة مصورة على ميكروفيلم رقم: Mic-NA:000505</subfield>
		</datafield>
		<datafield n="14" tag="590">
			<subfield code="">"الاجزاء: 5، 7-8 نسخة مصورة$""تحفظ في دائرة الارشيف والمجموعات الخاصة"""</subfield>
		</datafield>
		<datafield n="15" tag="866">
			<subfield code="">"في المكتبة:مج. 1-8(1906-1914)؛ مج.9:ع.1، 2(1917)"</subfield>
		</datafield>
		<datafield n="16" tag="362">
			<subfield code="">صدرت سنة 1906</subfield>
		</datafield>
	</record>