
	<record type="Bibliographic">
		<datafield n="1" tag="">
			<subfield code="">b13647477</subfield>
		</datafield>
		<datafield n="2" tag="">
			<subfield code="">1  </subfield>
		</datafield>
		<datafield n="3" tag="008">
			<subfield code="">1906</subfield>
		</datafield>
		<datafield n="4" tag="008">
			<subfield code="">1917</subfield>
		</datafield>
		<datafield n="5" tag="245">
			<subfield code="a">المقتبس :</subfield>
			<subfield code="b">مجلة أدبية علمية إجتماعية.</subfield>
		</datafield>
		<datafield n="6" tag="246">
			<subfield code="a">al-Muqtabas :</subfield>
		</datafield>
		<datafield n="7" tag="222">
			<subfield code="a">المقتبس</subfield>
		</datafield>
		<datafield n="8" tag="260">
			<subfield code="a"/>
			<subfield code="b"/>
			<subfield code="c"/>
		</datafield>
		<datafield n="9" tag="264">
			<subfield code="a">القاهرة :</subfield>
			<subfield code="b">مطبعة المقتبس،</subfield>
			<subfield code="c">1906-1917.</subfield>
		</datafield>
		<datafield n="10" tag="300">
			<subfield code="">"بكرة ميكروفيلم : سلبي وايجابي ؛ 35 مم"</subfield>
		</datafield>
		<datafield n="11" tag="310">
			<subfield code="">شهرية.</subfield>
		</datafield>
		<datafield n="12" tag="911">
			<subfield code="">CEASE</subfield>
		</datafield>
		<datafield n="13" tag="530">
			<subfield code="">متوفرة ايضا في المكتبة نسخة ورقية.</subfield>
		</datafield>
		<datafield n="14" tag="590">
			<subfield code=""/>
		</datafield>
		<datafield n="15" tag="866">
			<subfield code="">في المكتبة:1906-1912، 1914-1917.</subfield>
		</datafield>
		<datafield n="16" tag="362">
			<subfield code="">صدرت سنة 1906 .</subfield>
		</datafield>
	</record>