
	<record type="Bibliographic">
		<datafield n="1" tag="">
			<subfield code="">b23281522</subfield>
		</datafield>
		<datafield n="2" tag="">
			<subfield code="">s  </subfield>
		</datafield>
		<datafield n="3" tag="008">
			<subfield code="">1906</subfield>
		</datafield>
		<datafield n="4" tag="008">
			<subfield code="">1914</subfield>
		</datafield>
		<datafield n="5" tag="245">
			<subfield code="a">المقتبس :</subfield>
			<subfield code="b">جريدة يومية سياسية إقتصادية.</subfield>
		</datafield>
		<datafield n="6" tag="246">
			<subfield code="a">"al-Muqtabas :$""Al-Moqtabas :"""</subfield>
		</datafield>
		<datafield n="7" tag="222">
			<subfield code="a">المقتبس</subfield>
		</datafield>
		<datafield n="8" tag="260">
			<subfield code="a"/>
			<subfield code="b"/>
			<subfield code="c"/>
		</datafield>
		<datafield n="9" tag="264">
			<subfield code="a">دمشق :</subfield>
			<subfield code="b">[مطبعة المقتبس]،</subfield>
			<subfield code="c">1906-1914.</subfield>
		</datafield>
		<datafield n="10" tag="300">
			<subfield code="">مجلدات.</subfield>
		</datafield>
		<datafield n="11" tag="310">
			<subfield code=""/>
		</datafield>
		<datafield n="12" tag="911">
			<subfield code="">CEASE</subfield>
		</datafield>
		<datafield n="13" tag="530">
			<subfield code="">متوفر أيضاً على ميكروفيلم Mic-NA:000142</subfield>
		</datafield>
		<datafield n="14" tag="590">
			<subfield code="">الموجود في المكتبة : 17 كانون الاول 1908 - 5 ايلول 1909، 7 آذار 1910-10 شباط 1912، 6 آب 1913-24 ايلول 1913-31 كانون الثاني 1914-5 نيسان 1914</subfield>
		</datafield>
		<datafield n="15" tag="866">
			<subfield code="">في المكتبة:مج.11:ع.2751، 2847-2850(1919:كانون الثاني-أيار)</subfield>
		</datafield>
		<datafield n="16" tag="362">
			<subfield code=""/>
		</datafield>
	</record>