
	<record type="Bibliographic">
		<datafield n="1" tag="">
			<subfield code="">b12825657</subfield>
		</datafield>
		<datafield n="2" tag="">
			<subfield code="">s  </subfield>
		</datafield>
		<datafield n="3" tag="008">
			<subfield code="">1876</subfield>
		</datafield>
		<datafield n="4" tag="008">
			<subfield code="">1952</subfield>
		</datafield>
		<datafield n="5" tag="245">
			<subfield code="a">المقتطف :</subfield>
			<subfield code="b">مجلة علمية صناعية زراعية.</subfield>
		</datafield>
		<datafield n="6" tag="246">
			<subfield code="a">"al-Muqtațaf :$""المتقطف :""$""al-Muktațaf""$""al-Muqtaṭaf"""</subfield>
		</datafield>
		<datafield n="7" tag="222">
			<subfield code="a">المقتطف</subfield>
		</datafield>
		<datafield n="8" tag="260">
			<subfield code="a"/>
			<subfield code="b"/>
			<subfield code="c"/>
		</datafield>
		<datafield n="9" tag="264">
			<subfield code="a">القاهرة :</subfield>
			<subfield code="b">مطبعة المقتطف والمقطم،</subfield>
			<subfield code="c">1876-1952.</subfield>
		</datafield>
		<datafield n="10" tag="300">
			<subfield code="">مجلدات : مصورات</subfield>
		</datafield>
		<datafield n="11" tag="310">
			<subfield code=""/>
		</datafield>
		<datafield n="12" tag="911">
			<subfield code="">CEASE</subfield>
		</datafield>
		<datafield n="13" tag="530">
			<subfield code="">متوفر ايضاً على ميكروفيلم : Mic-NA:000495</subfield>
		</datafield>
		<datafield n="14" tag="590">
			<subfield code="">"الفهارس أيضاً في دائرة المراجع$""نسخة كاملة في دائرة الارشيف والمجموعات الخاصة. ونسخة ثانية على رفوف الدوريات العربية تنقص المجلدات التالية: 64(1923)،: 88:ع.1-2، 4-6(1936)، 91(1937)، 82(1938)، 107(1946)، 119-120 (1951/1952)"""</subfield>
		</datafield>
		<datafield n="15" tag="866">
			<subfield code="">في المكتبة:مج.1-119(1876:أيار-1951:تشرين أول)</subfield>
		</datafield>
		<datafield n="16" tag="362">
			<subfield code=""/>
		</datafield>
	</record>