
	<record type="Bibliographic">
		<datafield n="1" tag="">
			<subfield code="">b13581132</subfield>
		</datafield>
		<datafield n="2" tag="">
			<subfield code="">1  </subfield>
		</datafield>
		<datafield n="3" tag="008">
			<subfield code="">1876</subfield>
		</datafield>
		<datafield n="4" tag="008">
			<subfield code="">1952</subfield>
		</datafield>
		<datafield n="5" tag="245">
			<subfield code="a">المقتطف :</subfield>
			<subfield code="b">مجلة علمية صناعية زراعية.</subfield>
		</datafield>
		<datafield n="6" tag="246">
			<subfield code="a">"al-Muqtaṭaf :$""المتقطف :""$""al-Muktataf"""</subfield>
		</datafield>
		<datafield n="7" tag="222">
			<subfield code="a">المقتطف</subfield>
		</datafield>
		<datafield n="8" tag="260">
			<subfield code="a"/>
			<subfield code="b"/>
			<subfield code="c"/>
		</datafield>
		<datafield n="9" tag="264">
			<subfield code="a">القاهرة :</subfield>
			<subfield code="b">مطبعة المقتطف والمقطم،</subfield>
			<subfield code="c">1876-1952.</subfield>
		</datafield>
		<datafield n="10" tag="300">
			<subfield code="">"بكرة ميكروفيلم : سلبي وايجابي ؛ 35 مم"</subfield>
		</datafield>
		<datafield n="11" tag="310">
			<subfield code=""/>
		</datafield>
		<datafield n="12" tag="911">
			<subfield code="">CEASE</subfield>
		</datafield>
		<datafield n="13" tag="530">
			<subfield code="">متوفر ايضاً على نسخة مطبوعة.</subfield>
		</datafield>
		<datafield n="14" tag="590">
			<subfield code="">"الفهارس أيضاً في دائرة المراجع$""ايضاً نسخة ورقية في دائرة الارشيف والمجموعات الخاصة: 1877/1876-1882/1881 1887/1886-1894/1893، 1895، 1896، 1900، 1905 ،1908، 1909(2ج)-1914 (2ج) ، 1927،1943،1944 (2ج) ، 1945، 1947 (2ج)، 1948-1950""$""نسخة مصورة على ميكروفيلم. تم التصوير في مكتبة يافث، دائرة المصغرات الفلمية"""</subfield>
		</datafield>
		<datafield n="15" tag="866">
			<subfield code="">في المكتبة:مج.1-119(1876:أيار-1951:تشرين اول)</subfield>
		</datafield>
		<datafield n="16" tag="362">
			<subfield code=""/>
		</datafield>
	</record>