
	<record type="Bibliographic">
		<datafield n="1" tag="">
			<subfield code="">b12825165</subfield>
		</datafield>
		<datafield n="2" tag="">
			<subfield code="">s  </subfield>
		</datafield>
		<datafield n="3" tag="008">
			<subfield code="">1897</subfield>
		</datafield>
		<datafield n="4" tag="008">
			<subfield code="">1940</subfield>
		</datafield>
		<datafield n="5" tag="245">
			<subfield code="a">المنار :</subfield>
			<subfield code="b">مجلة علمية ادبية تهذيبية عملية اخبارية.</subfield>
		</datafield>
		<datafield n="6" tag="246">
			<subfield code="a">"al-Manār :$""مجلة المنار"""</subfield>
		</datafield>
		<datafield n="7" tag="222">
			<subfield code="a">المنار</subfield>
		</datafield>
		<datafield n="8" tag="260">
			<subfield code="a"/>
			<subfield code="b"/>
			<subfield code="c"/>
		</datafield>
		<datafield n="9" tag="264">
			<subfield code="a">القاهرة :</subfield>
			<subfield code="b">مطبعة المنار،</subfield>
			<subfield code="c">1897-[1940].</subfield>
		</datafield>
		<datafield n="10" tag="300">
			<subfield code="">"مجلدات ؛ 25 سم"</subfield>
		</datafield>
		<datafield n="11" tag="310">
			<subfield code=""/>
		</datafield>
		<datafield n="12" tag="911">
			<subfield code="">CEASE</subfield>
		</datafield>
		<datafield n="13" tag="530">
			<subfield code=""/>
		</datafield>
		<datafield n="14" tag="590">
			<subfield code="">"بعض المجلدات في المكتبة هي الطبعة الثانية$""بعض الاعداد مستنسخ""$""المكتبة تحتفظ بنسختين من المجلدات 2-18، 25-34، نسخة كاملة في دائرة الارشيف والمجموعات الخاصة"""</subfield>
		</datafield>
		<datafield n="15" tag="866">
			<subfield code="">في المكتبة :مج. 1-34(1898-1936)</subfield>
		</datafield>
		<datafield n="16" tag="362">
			<subfield code="">صدرت سنة 1897.</subfield>
		</datafield>
	</record>