
	<record type="Bibliographic">
		<datafield n="1" tag="">
			<subfield code="">b13151903</subfield>
		</datafield>
		<datafield n="2" tag="">
			<subfield code="">s  </subfield>
		</datafield>
		<datafield n="3" tag="008">
			<subfield code="">1898</subfield>
		</datafield>
		<datafield n="4" tag="008">
			<subfield code="">1936</subfield>
		</datafield>
		<datafield n="5" tag="245">
			<subfield code="a">المنار :</subfield>
			<subfield code="b">جريدة علمية ادبية سياسية.</subfield>
		</datafield>
		<datafield n="6" tag="246">
			<subfield code="a">al-Manār :</subfield>
		</datafield>
		<datafield n="7" tag="222">
			<subfield code="a">المنار</subfield>
		</datafield>
		<datafield n="8" tag="260">
			<subfield code="a"/>
			<subfield code="b"/>
			<subfield code="c"/>
		</datafield>
		<datafield n="9" tag="264">
			<subfield code="a">مصر :</subfield>
			<subfield code="b">[إدارة جريدة المنار في مصر]،</subfield>
			<subfield code="c">1898-1936.</subfield>
		</datafield>
		<datafield n="10" tag="300">
			<subfield code="">"1 مجلد ؛ 39 سم"</subfield>
		</datafield>
		<datafield n="11" tag="310">
			<subfield code="">أسبوعية.</subfield>
		</datafield>
		<datafield n="12" tag="911">
			<subfield code="">CEASE</subfield>
		</datafield>
		<datafield n="13" tag="530">
			<subfield code=""/>
		</datafield>
		<datafield n="14" tag="590">
			<subfield code="">تحفظ في دائرة الارشيف والمجموعات الخاصة.</subfield>
		</datafield>
		<datafield n="15" tag="866">
			<subfield code="">في المكتبة:س.1:ع.1-49(1989:آذار-1899:شباط)</subfield>
		</datafield>
		<datafield n="16" tag="362">
			<subfield code="">صدر العدد الاول آذار 1898.</subfield>
		</datafield>
	</record>