
	<record type="Bibliographic">
		<datafield n="1" tag="">
			<subfield code="">b23276915</subfield>
		</datafield>
		<datafield n="2" tag="">
			<subfield code="">s  </subfield>
		</datafield>
		<datafield n="3" tag="008">
			<subfield code="">1898</subfield>
		</datafield>
		<datafield n="4" tag="008">
			<subfield code="">1935</subfield>
		</datafield>
		<datafield n="5" tag="245">
			<subfield code="a">المنارة :</subfield>
			<subfield code="b">مجلة شهرية تبحث في فلسفة الدين وشؤون الإجتماع والعمران.</subfield>
		</datafield>
		<datafield n="6" tag="246">
			<subfield code="a"/>
		</datafield>
		<datafield n="7" tag="222">
			<subfield code="a">المنارة</subfield>
		</datafield>
		<datafield n="8" tag="260">
			<subfield code="a"/>
			<subfield code="b"/>
			<subfield code="c"/>
		</datafield>
		<datafield n="9" tag="264">
			<subfield code="a">المنصورة، مصر :</subfield>
			<subfield code="b">دار الوفاء،</subfield>
			<subfield code="c">1898-1935.</subfield>
		</datafield>
		<datafield n="10" tag="300">
			<subfield code="">"مجلدات ؛ 24 سم"</subfield>
		</datafield>
		<datafield n="11" tag="310">
			<subfield code="">شهرية.</subfield>
		</datafield>
		<datafield n="12" tag="911">
			<subfield code="">CEASE</subfield>
		</datafield>
		<datafield n="13" tag="530">
			<subfield code=""/>
		</datafield>
		<datafield n="14" tag="590">
			<subfield code=""/>
		</datafield>
		<datafield n="15" tag="866">
			<subfield code="">في المكتبة: مج.21:ع.3(1919:أيار)</subfield>
		</datafield>
		<datafield n="16" tag="362">
			<subfield code="">"المجلد 1(1315[1898])-المجلد 35، الجزء 10(أيلول 1935)$""توقفت عن الصدور مع المجلد 34(1935)"""</subfield>
		</datafield>
	</record>