
	<record type="Bibliographic">
		<datafield n="1" tag="">
			<subfield code="">b17607188</subfield>
		</datafield>
		<datafield n="2" tag="">
			<subfield code="">1  </subfield>
		</datafield>
		<datafield n="3" tag="008">
			<subfield code="">1905</subfield>
		</datafield>
		<datafield n="4" tag="008">
			<subfield code="">1906</subfield>
		</datafield>
		<datafield n="5" tag="245">
			<subfield code="a">المنتهون :</subfield>
			<subfield code="b">مجلة علمية أدبية إصلاحية مجلة علمية ادبية اصلاحية تصدر مرتين في الشهر /</subfield>
		</datafield>
		<datafield n="6" tag="246">
			<subfield code="a">al-Muntahūn :</subfield>
		</datafield>
		<datafield n="7" tag="222">
			<subfield code="a">المنتهون</subfield>
		</datafield>
		<datafield n="8" tag="260">
			<subfield code="a"/>
			<subfield code="b"/>
			<subfield code="c"/>
		</datafield>
		<datafield n="9" tag="264">
			<subfield code="a">بيروت :</subfield>
			<subfield code="b">الكلية السورية الإنجيلية،</subfield>
			<subfield code="c">1905-1906.</subfield>
		</datafield>
		<datafield n="10" tag="300">
			<subfield code="">"1بكرة ميكرفيلم : سلبي وايجابي ؛ 35 مم"</subfield>
		</datafield>
		<datafield n="11" tag="310">
			<subfield code="">مرتين في الشهر.</subfield>
		</datafield>
		<datafield n="12" tag="911">
			<subfield code="">CEASE</subfield>
		</datafield>
		<datafield n="13" tag="530">
			<subfield code="">متوفر ايضاً علة نسخة مطبوعة.</subfield>
		</datafield>
		<datafield n="14" tag="590">
			<subfield code="">نسخة مصورة على ميكروفيلم. تم التصوير في دائرة المصغرات الفلمية، مكتبة يافث التذكارية.</subfield>
		</datafield>
		<datafield n="15" tag="866">
			<subfield code="">في المكتبة : س.1 : ع. 1- 7 (1905 : تشرين الثاني - 1906 : ايار )</subfield>
		</datafield>
		<datafield n="16" tag="362">
			<subfield code=""/>
		</datafield>
	</record>