
	<record type="Bibliographic">
		<datafield n="1" tag="">
			<subfield code="">b13163140</subfield>
		</datafield>
		<datafield n="2" tag="">
			<subfield code="">s  </subfield>
		</datafield>
		<datafield n="3" tag="008">
			<subfield code="">1909</subfield>
		</datafield>
		<datafield n="4" tag="008">
			<subfield code="">1940</subfield>
		</datafield>
		<datafield n="5" tag="245">
			<subfield code="a">المورد الصافي.</subfield>
			<subfield code="b"/>
		</datafield>
		<datafield n="6" tag="246">
			<subfield code="a">"al-Mawrid al-ṣāfī$""مورد الأحداث"""</subfield>
		</datafield>
		<datafield n="7" tag="222">
			<subfield code="a">المورد الصافي</subfield>
		</datafield>
		<datafield n="8" tag="260">
			<subfield code="a"/>
			<subfield code="b"/>
			<subfield code="c"/>
		</datafield>
		<datafield n="9" tag="264">
			<subfield code="a">بيروت :</subfield>
			<subfield code="b">المطبعة الادبية،</subfield>
			<subfield code="c">1909-[1940]</subfield>
		</datafield>
		<datafield n="10" tag="300">
			<subfield code="">"مجلدات ؛ 23 سم"</subfield>
		</datafield>
		<datafield n="11" tag="310">
			<subfield code=""/>
		</datafield>
		<datafield n="12" tag="911">
			<subfield code="">CEASE</subfield>
		</datafield>
		<datafield n="13" tag="530">
			<subfield code="">في المكتبة ايضاً نسخة مصورة على ميكروفيلم رقم: Mic-NA:000235</subfield>
		</datafield>
		<datafield n="14" tag="590">
			<subfield code="">"نسخة ثانية من: 1921و 1932/31$""تحفظ الاجزاء في دائرة الارشيف والمجموعات الخاصة."""</subfield>
		</datafield>
		<datafield n="15" tag="866">
			<subfield code="">في المكتبة:مج.1-20 (1909 :ايلول-1940:أيار)</subfield>
		</datafield>
		<datafield n="16" tag="362">
			<subfield code="">صدرت سنة 1909.</subfield>
		</datafield>
	</record>