
	<record type="Bibliographic">
		<datafield n="1" tag="">
			<subfield code="">b13163723</subfield>
		</datafield>
		<datafield n="2" tag="">
			<subfield code="">s  </subfield>
		</datafield>
		<datafield n="3" tag="008">
			<subfield code="">1898</subfield>
		</datafield>
		<datafield n="4" tag="008">
			<subfield code="">1899</subfield>
		</datafield>
		<datafield n="5" tag="245">
			<subfield code="a">الموسوعات.</subfield>
			<subfield code="b"/>
		</datafield>
		<datafield n="6" tag="246">
			<subfield code="a">al-Mawsū‘āt</subfield>
		</datafield>
		<datafield n="7" tag="222">
			<subfield code="a">الموسوعات </subfield>
		</datafield>
		<datafield n="8" tag="260">
			<subfield code="a"/>
			<subfield code="b"/>
			<subfield code="c"/>
		</datafield>
		<datafield n="9" tag="264">
			<subfield code="a">القاهرة :</subfield>
			<subfield code="b">أحمد حافظ عوض،</subfield>
			<subfield code="c">1898-1899.</subfield>
		</datafield>
		<datafield n="10" tag="300">
			<subfield code="">"1 مجلد : مصورات ؛ 23 سم"</subfield>
		</datafield>
		<datafield n="11" tag="310">
			<subfield code=""/>
		</datafield>
		<datafield n="12" tag="911">
			<subfield code="">CEASE</subfield>
		</datafield>
		<datafield n="13" tag="530">
			<subfield code=""/>
		</datafield>
		<datafield n="14" tag="590">
			<subfield code="">تحفظ في دائرة الارشيف والمجموعات الخاصة.</subfield>
		</datafield>
		<datafield n="15" tag="866">
			<subfield code="">في المكتبة:مج.1(1898:تشرين الثاني،19-1899:تشرين الاول،20)</subfield>
		</datafield>
		<datafield n="16" tag="362">
			<subfield code="">صدر العدد الاول تشرين ثاني 1898.</subfield>
		</datafield>
	</record>