
	<record type="Bibliographic">
		<datafield n="1" tag="">
			<subfield code="">b12828579</subfield>
		</datafield>
		<datafield n="2" tag="">
			<subfield code="">1  </subfield>
		</datafield>
		<datafield n="3" tag="008">
			<subfield code="">1907</subfield>
		</datafield>
		<datafield n="4" tag="008">
			<subfield code="">1910</subfield>
		</datafield>
		<datafield n="5" tag="245">
			<subfield code="a">المؤيد :</subfield>
			<subfield code="b">جريدة أسبوعية سياسية تجارية.</subfield>
		</datafield>
		<datafield n="6" tag="246">
			<subfield code="a">al-Muayyad :</subfield>
		</datafield>
		<datafield n="7" tag="222">
			<subfield code="a">المؤيد</subfield>
		</datafield>
		<datafield n="8" tag="260">
			<subfield code="a"/>
			<subfield code="b"/>
			<subfield code="c"/>
		</datafield>
		<datafield n="9" tag="264">
			<subfield code="a">مصر :</subfield>
			<subfield code="b">دار المؤيد،</subfield>
			<subfield code="c">1907-[1910]</subfield>
		</datafield>
		<datafield n="10" tag="300">
			<subfield code="">"4 بكرة ميكروفيلم : سلبي وايجابي ؛ 35 مم"</subfield>
		</datafield>
		<datafield n="11" tag="310">
			<subfield code=""/>
		</datafield>
		<datafield n="12" tag="911">
			<subfield code="">CEASE</subfield>
		</datafield>
		<datafield n="13" tag="530">
			<subfield code=""/>
		</datafield>
		<datafield n="14" tag="590">
			<subfield code="">نسخة مصورة على ميكروفيلم. تم التصوير في دائرة المصغرات الفلمية، مكتبة يافث التذكارية، 1997.</subfield>
		</datafield>
		<datafield n="15" tag="866">
			<subfield code="">في المكتبة : 1907: نيسان 25 -1909: تشرين الثاني،1910: آذار- ايار.</subfield>
		</datafield>
		<datafield n="16" tag="362">
			<subfield code=""/>
		</datafield>
	</record>