
	<record type="Bibliographic">
		<datafield n="1" tag="">
			<subfield code="">b12829948</subfield>
		</datafield>
		<datafield n="2" tag="">
			<subfield code="">s  </subfield>
		</datafield>
		<datafield n="3" tag="008">
			<subfield code="">1924</subfield>
		</datafield>
		<datafield n="4" tag="008">
			<subfield code="">1966</subfield>
		</datafield>
		<datafield n="5" tag="245">
			<subfield code="a">الميزانية العامة والميزانية الإنمائية والميزانيات الملحقة والمستقلة للسنة المالية ... /</subfield>
			<subfield code="b"/>
		</datafield>
		<datafield n="6" tag="246">
			<subfield code="a">"al-Mīzānīyah al-‘āmmah wa-al-mīzānīyah al-inmā’īyah wa-al-mīzānīyāt al-mulḥaqah wa-al-mustaqillah lil-sanah al-mālīyah ...$""قرار الميزانية العامة لسنة ..."""</subfield>
		</datafield>
		<datafield n="7" tag="222">
			<subfield code="a">الميزانية العامة والميزانية الإنمائية والميزانيات الملحقة والمستقلة للسنة المالية ...</subfield>
		</datafield>
		<datafield n="8" tag="260">
			<subfield code="a"/>
			<subfield code="b"/>
			<subfield code="c"/>
		</datafield>
		<datafield n="9" tag="264">
			<subfield code="a">دمشق :</subfield>
			<subfield code="b">وزارة المالية،</subfield>
			<subfield code="c">[1924-1966]</subfield>
		</datafield>
		<datafield n="10" tag="300">
			<subfield code="">"مجلدات ؛ 34 سم"</subfield>
		</datafield>
		<datafield n="11" tag="310">
			<subfield code=""/>
		</datafield>
		<datafield n="12" tag="911">
			<subfield code="">CEASE</subfield>
		</datafield>
		<datafield n="13" tag="530">
			<subfield code=""/>
		</datafield>
		<datafield n="14" tag="590">
			<subfield code=""/>
		</datafield>
		<datafield n="15" tag="866">
			<subfield code="">في المكتبة:1924-1963، 1965-1966.</subfield>
		</datafield>
		<datafield n="16" tag="362">
			<subfield code=""/>
		</datafield>
	</record>