
	<record type="Bibliographic">
		<datafield n="1" tag="">
			<subfield code="">b23286416</subfield>
		</datafield>
		<datafield n="2" tag="">
			<subfield code="">s  </subfield>
		</datafield>
		<datafield n="3" tag="008">
			<subfield code="">1906</subfield>
		</datafield>
		<datafield n="4" tag="008">
			<subfield code="">19uu</subfield>
		</datafield>
		<datafield n="5" tag="245">
			<subfield code="a">النادي :</subfield>
			<subfield code="b">جريدة، يومية، سياسية، تاريخية، إجتماعية، إنتقادية، حرة.</subfield>
		</datafield>
		<datafield n="6" tag="246">
			<subfield code="a">"جريدة النادي$""An-Nadi :"""</subfield>
		</datafield>
		<datafield n="7" tag="222">
			<subfield code="a">النادي</subfield>
		</datafield>
		<datafield n="8" tag="260">
			<subfield code="a"/>
			<subfield code="b"/>
			<subfield code="c"/>
		</datafield>
		<datafield n="9" tag="264">
			<subfield code="a">بيروت، لبنان :</subfield>
			<subfield code="b">[حنا ابي راشد]،</subfield>
			<subfield code="c">1914-19؟؟</subfield>
		</datafield>
		<datafield n="10" tag="300">
			<subfield code="">"عدد ؛ 32 سم"</subfield>
		</datafield>
		<datafield n="11" tag="310">
			<subfield code=""/>
		</datafield>
		<datafield n="12" tag="911">
			<subfield code="">CEASE</subfield>
		</datafield>
		<datafield n="13" tag="530">
			<subfield code=""/>
		</datafield>
		<datafield n="14" tag="590">
			<subfield code=""/>
		</datafield>
		<datafield n="15" tag="866">
			<subfield code="">في المكتبة:مج.8:ع.93(1914:حزيران)</subfield>
		</datafield>
		<datafield n="16" tag="362">
			<subfield code="">السنة الأولى، العدد الأول (حزيران 1914)</subfield>
		</datafield>
	</record>