
	<record type="Bibliographic">
		<datafield n="1" tag="">
			<subfield code="">b12825906</subfield>
		</datafield>
		<datafield n="2" tag="">
			<subfield code="">s  </subfield>
		</datafield>
		<datafield n="3" tag="008">
			<subfield code="">1909</subfield>
		</datafield>
		<datafield n="4" tag="008">
			<subfield code="">1910</subfield>
		</datafield>
		<datafield n="5" tag="245">
			<subfield code="a">النبراس.</subfield>
			<subfield code="b"/>
		</datafield>
		<datafield n="6" tag="246">
			<subfield code="a">"al-Nibrās$""مجلة النبراس"""</subfield>
		</datafield>
		<datafield n="7" tag="222">
			<subfield code="a">النبراس</subfield>
		</datafield>
		<datafield n="8" tag="260">
			<subfield code="a"/>
			<subfield code="b"/>
			<subfield code="c"/>
		</datafield>
		<datafield n="9" tag="264">
			<subfield code="a">بيروت :</subfield>
			<subfield code="b">إدارة النبراس،</subfield>
			<subfield code="c">1909-1910.</subfield>
		</datafield>
		<datafield n="10" tag="300">
			<subfield code="">"2 مجلد ؛ 24 سم"</subfield>
		</datafield>
		<datafield n="11" tag="310">
			<subfield code="">شهرية.</subfield>
		</datafield>
		<datafield n="12" tag="911">
			<subfield code="">CEASE</subfield>
		</datafield>
		<datafield n="13" tag="530">
			<subfield code="">متوفر ايضاً على ميكروفيلم : Mic-NA:000310</subfield>
		</datafield>
		<datafield n="14" tag="590">
			<subfield code=""/>
		</datafield>
		<datafield n="15" tag="866">
			<subfield code="">في المكتبة:مج.1-مج.2(1909:كانون الثاني-1910:كانون الأول)</subfield>
		</datafield>
		<datafield n="16" tag="362">
			<subfield code="">صدر الجزء الاول المجلد الاول 22 كانون الثاني 1909.</subfield>
		</datafield>
	</record>