
	<record type="Bibliographic">
		<datafield n="1" tag="">
			<subfield code="">b17464961</subfield>
		</datafield>
		<datafield n="2" tag="">
			<subfield code="">s  </subfield>
		</datafield>
		<datafield n="3" tag="008">
			<subfield code="">1871</subfield>
		</datafield>
		<datafield n="4" tag="008">
			<subfield code="">1874</subfield>
		</datafield>
		<datafield n="5" tag="245">
			<subfield code="a">النجاح :</subfield>
			<subfield code="b">صحيفة.</subfield>
		</datafield>
		<datafield n="6" tag="246">
			<subfield code="a">"al-Najāḥ :$""صحيفة النجاح"""</subfield>
		</datafield>
		<datafield n="7" tag="222">
			<subfield code="a">النجاح</subfield>
		</datafield>
		<datafield n="8" tag="260">
			<subfield code="a"/>
			<subfield code="b"/>
			<subfield code="c"/>
		</datafield>
		<datafield n="9" tag="264">
			<subfield code="a">بيروت :</subfield>
			<subfield code="b">[لويس صابونجي]،</subfield>
			<subfield code="c">1871-1874.</subfield>
		</datafield>
		<datafield n="10" tag="300">
			<subfield code="">"مجلدات ؛ 26 سم"</subfield>
		</datafield>
		<datafield n="11" tag="310">
			<subfield code="">أسبوعية.</subfield>
		</datafield>
		<datafield n="12" tag="911">
			<subfield code="">CEASE</subfield>
		</datafield>
		<datafield n="13" tag="530">
			<subfield code="">متوفر ايضاً على ميكروفيلم : Mic-NA:000016</subfield>
		</datafield>
		<datafield n="14" tag="590">
			<subfield code=""/>
		</datafield>
		<datafield n="15" tag="866">
			<subfield code="">"في المكتبة: مج.2:ع.51-100(1871:تموز-كانون الأول)؛ مج.3:ع.1-56 (1872 : كانون الثاني - حزيران)"</subfield>
		</datafield>
		<datafield n="16" tag="362">
			<subfield code=""/>
		</datafield>
	</record>