
	<record type="Bibliographic">
		<datafield n="1" tag="">
			<subfield code="">b25590480</subfield>
		</datafield>
		<datafield n="2" tag="">
			<subfield code="">s  </subfield>
		</datafield>
		<datafield n="3" tag="008">
			<subfield code="">1928</subfield>
		</datafield>
		<datafield n="4" tag="008">
			<subfield code="">1956</subfield>
		</datafield>
		<datafield n="5" tag="245">
			<subfield code="a">النجم :</subfield>
			<subfield code="b">مجلة علمية أدبية للبطريركية الكلدانية.</subfield>
		</datafield>
		<datafield n="6" tag="246">
			<subfield code="a">al-Nadjm :</subfield>
		</datafield>
		<datafield n="7" tag="222">
			<subfield code="a">النجم</subfield>
		</datafield>
		<datafield n="8" tag="260">
			<subfield code="a"/>
			<subfield code="b"/>
			<subfield code="c"/>
		</datafield>
		<datafield n="9" tag="264">
			<subfield code="a">الموصل، العراق :</subfield>
			<subfield code="b">المطبعة الكلدانية،</subfield>
			<subfield code="c">1926-1956.</subfield>
		</datafield>
		<datafield n="10" tag="300">
			<subfield code="">"مجلدات ؛ 26 سم"</subfield>
		</datafield>
		<datafield n="11" tag="310">
			<subfield code=""/>
		</datafield>
		<datafield n="12" tag="911">
			<subfield code=""/>
		</datafield>
		<datafield n="13" tag="530">
			<subfield code=""/>
		</datafield>
		<datafield n="14" tag="590">
			<subfield code=""/>
		</datafield>
		<datafield n="15" tag="866">
			<subfield code="">"في المكتبة: مج.1:ع.3-10(1929:كانون الثاني--أيلول)؛ مج.2:ع.2، 4، 10(1930:كانون الثاني، آذار، أيلول)؛ مج.4:ع.5، 10(1932:نيسان، تشرين الثاني)"</subfield>
		</datafield>
		<datafield n="16" tag="362">
			<subfield code=""/>
		</datafield>
	</record>