
	<record type="Bibliographic">
		<datafield n="1" tag="">
			<subfield code="">b12819311</subfield>
		</datafield>
		<datafield n="2" tag="">
			<subfield code="">s  </subfield>
		</datafield>
		<datafield n="3" tag="008">
			<subfield code="">1872</subfield>
		</datafield>
		<datafield n="4" tag="008">
			<subfield code="">1914</subfield>
		</datafield>
		<datafield n="5" tag="245">
			<subfield code="a">النشرة الأسبوعية :</subfield>
			<subfield code="b">مجلة دينية /</subfield>
		</datafield>
		<datafield n="6" tag="246">
			<subfield code="a">"al-Nashrah al-usbū‘īyah :$""النشرة الأسبوعية :"""</subfield>
		</datafield>
		<datafield n="7" tag="222">
			<subfield code="a">النشرة الأسبوعية</subfield>
		</datafield>
		<datafield n="8" tag="260">
			<subfield code="a"/>
			<subfield code="b"/>
			<subfield code="c"/>
		</datafield>
		<datafield n="9" tag="264">
			<subfield code="a">بيروت :</subfield>
			<subfield code="b">المرسلية الأميركانية،</subfield>
			<subfield code="c">1872-1914.</subfield>
		</datafield>
		<datafield n="10" tag="300">
			<subfield code="">"مجلدات ؛ 26 سم"</subfield>
		</datafield>
		<datafield n="11" tag="310">
			<subfield code="">شهرية.</subfield>
		</datafield>
		<datafield n="12" tag="911">
			<subfield code="">CEASE</subfield>
		</datafield>
		<datafield n="13" tag="530">
			<subfield code=""/>
		</datafield>
		<datafield n="14" tag="590">
			<subfield code="">"تحفظ في دائرة الارشيف والمجموعات الخاصة$""يوجد نسختان من ج 4(1874) و 6(1876)"""</subfield>
		</datafield>
		<datafield n="15" tag="866">
			<subfield code="">"في المكتبة :مج. 2/3 -7، 10-11 ،34-49(1872/ 1873-1877، 1880-1881/ 1883، 1899-1914)؛ مج.58:ع.24(1927:حزيران)؛ مج.59:ع.31، 51(1928:آب، كانون الأول)"</subfield>
		</datafield>
		<datafield n="16" tag="362">
			<subfield code="">صدر العدد الاول كانون الثاني 1872.</subfield>
		</datafield>
	</record>