
	<record type="Bibliographic">
		<datafield n="1" tag="">
			<subfield code="">b13563877</subfield>
		</datafield>
		<datafield n="2" tag="">
			<subfield code="">1  </subfield>
		</datafield>
		<datafield n="3" tag="008">
			<subfield code="">1921</subfield>
		</datafield>
		<datafield n="4" tag="008">
			<subfield code="">1943</subfield>
		</datafield>
		<datafield n="5" tag="245">
			<subfield code="a">النشرة الرسمية للأعمال الإدارية في المندوبية العامة /</subfield>
			<subfield code="b"/>
		</datafield>
		<datafield n="6" tag="246">
			<subfield code="a">"النشرة الرسمية للأعمال الإدارية في المفوضية العليا$""al-Nashrah al-rasmīyah lil-aʻmāl al-idārīyah fī al-Mandūbīyah al-ʻĀmmah"""</subfield>
		</datafield>
		<datafield n="7" tag="222">
			<subfield code="a">النشرة الرسمية للأعمال الإدارية في المندوبية العامة </subfield>
		</datafield>
		<datafield n="8" tag="260">
			<subfield code="a"/>
			<subfield code="b"/>
			<subfield code="c"/>
		</datafield>
		<datafield n="9" tag="264">
			<subfield code="a">بيروت :</subfield>
			<subfield code="b">المندوبية العامة لفرنسا الحرة في الشرق،</subfield>
			<subfield code="c">[1921-1943]</subfield>
		</datafield>
		<datafield n="10" tag="300">
			<subfield code="">بكرة ميكروفيلم</subfield>
		</datafield>
		<datafield n="11" tag="310">
			<subfield code="">نصف شهرية.</subfield>
		</datafield>
		<datafield n="12" tag="911">
			<subfield code="">CEASE</subfield>
		</datafield>
		<datafield n="13" tag="530">
			<subfield code="">متوفر ايضاً على نسخة مطبوعة.</subfield>
		</datafield>
		<datafield n="14" tag="590">
			<subfield code="">نسخة مصورة على ميكروفيلم. تم التصوير في مكتبة يافث، دائرة المصغرات الفلمية.</subfield>
		</datafield>
		<datafield n="15" tag="866">
			<subfield code="">في المكتبة : 1922:كانون الثاني-1935:كانون اول، 1937:كانون الثاني-1943:كانون اول.</subfield>
		</datafield>
		<datafield n="16" tag="362">
			<subfield code=""/>
		</datafield>
	</record>