
	<record type="Bibliographic">
		<datafield n="1" tag="">
			<subfield code="">b23281595</subfield>
		</datafield>
		<datafield n="2" tag="">
			<subfield code="">s  </subfield>
		</datafield>
		<datafield n="3" tag="008">
			<subfield code="">1910</subfield>
		</datafield>
		<datafield n="4" tag="008">
			<subfield code="">191u</subfield>
		</datafield>
		<datafield n="5" tag="245">
			<subfield code="a">النفائس :</subfield>
			<subfield code="b">علمية سياسية أدبية إخبارية تصويرية فكاهية.</subfield>
		</datafield>
		<datafield n="6" tag="246">
			<subfield code="a">Annafais :</subfield>
		</datafield>
		<datafield n="7" tag="222">
			<subfield code="a">النفائس</subfield>
		</datafield>
		<datafield n="8" tag="260">
			<subfield code="a"/>
			<subfield code="b"/>
			<subfield code="c"/>
		</datafield>
		<datafield n="9" tag="264">
			<subfield code="a">بيروت، لبنان :</subfield>
			<subfield code="b">مطبعة النفائس،</subfield>
			<subfield code="c">1910-[191؟]</subfield>
		</datafield>
		<datafield n="10" tag="300">
			<subfield code="">"مجلدات ؛ 24 سم"</subfield>
		</datafield>
		<datafield n="11" tag="310">
			<subfield code="">مرتين بالشهر.</subfield>
		</datafield>
		<datafield n="12" tag="911">
			<subfield code="">CEASE</subfield>
		</datafield>
		<datafield n="13" tag="530">
			<subfield code=""/>
		</datafield>
		<datafield n="14" tag="590">
			<subfield code=""/>
		</datafield>
		<datafield n="15" tag="866">
			<subfield code="">"في المكتبة: مج.1:ع.1-20(1910:شباط-1911:شباط)+ ملحق رواية مع العدد 62؛ ع.155(1913:حزيران)"</subfield>
		</datafield>
		<datafield n="16" tag="362">
			<subfield code="">السنة الأولى، العدد الأول (شباط 1910)</subfield>
		</datafield>
	</record>