
	<record type="Bibliographic">
		<datafield n="1" tag="">
			<subfield code="">b12827629</subfield>
		</datafield>
		<datafield n="2" tag="">
			<subfield code="">1  </subfield>
		</datafield>
		<datafield n="3" tag="008">
			<subfield code="">1909</subfield>
		</datafield>
		<datafield n="4" tag="008">
			<subfield code="">1923</subfield>
		</datafield>
		<datafield n="5" tag="245">
			<subfield code="a">النفائس العصرية :</subfield>
			<subfield code="b">مجلة فكاهية أدبية تاريخية شهرية.</subfield>
		</datafield>
		<datafield n="6" tag="246">
			<subfield code="a">al-Nafā’is al-‘aṣrīyah :</subfield>
		</datafield>
		<datafield n="7" tag="222">
			<subfield code="a">النفائس العصرية</subfield>
		</datafield>
		<datafield n="8" tag="260">
			<subfield code="a"/>
			<subfield code="b"/>
			<subfield code="c"/>
		</datafield>
		<datafield n="9" tag="264">
			<subfield code="a">القدس :</subfield>
			<subfield code="b">[خليل بيدس]،</subfield>
			<subfield code="c">1909-1923.</subfield>
		</datafield>
		<datafield n="10" tag="300">
			<subfield code="">"8 بكرة ميكروفيلم : سلبي وايجابي ؛ 35 مم"</subfield>
		</datafield>
		<datafield n="11" tag="310">
			<subfield code="">شهرية.</subfield>
		</datafield>
		<datafield n="12" tag="911">
			<subfield code="">CEASE</subfield>
		</datafield>
		<datafield n="13" tag="530">
			<subfield code="">متوفرة ايضاً على نسخة مطبوعة.</subfield>
		</datafield>
		<datafield n="14" tag="590">
			<subfield code="">نسخة مصورة على ميكروفيلم. تم التصوير في دائرة المصغرات الفلمية، مكتبة يافث التذكارية، 1991.</subfield>
		</datafield>
		<datafield n="15" tag="866">
			<subfield code="">في المكتبة :(1909:تشرين اول-1910:تشرين الثاني،1911: كانون الثاني-1914:حزيران،1919:تموز -1920:ايلول،1922:ايار-1923:تشرين اول)</subfield>
		</datafield>
		<datafield n="16" tag="362">
			<subfield code=""/>
		</datafield>
	</record>