
	<record type="Bibliographic">
		<datafield n="1" tag="">
			<subfield code="">b13163164</subfield>
		</datafield>
		<datafield n="2" tag="">
			<subfield code="">s  </subfield>
		</datafield>
		<datafield n="3" tag="008">
			<subfield code="">1909</subfield>
		</datafield>
		<datafield n="4" tag="008">
			<subfield code="">1923</subfield>
		</datafield>
		<datafield n="5" tag="245">
			<subfield code="a">النفائس العصرية :</subfield>
			<subfield code="b">مجلة فكاهية أدبية تاريخية شهرية.</subfield>
		</datafield>
		<datafield n="6" tag="246">
			<subfield code="a">al-Nafā’is al-‘aṣrīyah :</subfield>
		</datafield>
		<datafield n="7" tag="222">
			<subfield code="a">النفائس العصرية</subfield>
		</datafield>
		<datafield n="8" tag="260">
			<subfield code="a"/>
			<subfield code="b"/>
			<subfield code="c"/>
		</datafield>
		<datafield n="9" tag="264">
			<subfield code="a">القدس :</subfield>
			<subfield code="b">[خليل بيدس]،</subfield>
			<subfield code="c">1909-1923.</subfield>
		</datafield>
		<datafield n="10" tag="300">
			<subfield code="">مجلدات</subfield>
		</datafield>
		<datafield n="11" tag="310">
			<subfield code=""/>
		</datafield>
		<datafield n="12" tag="911">
			<subfield code="">CEASE</subfield>
		</datafield>
		<datafield n="13" tag="530">
			<subfield code="">في المكتبة: ايضاً نسخة مصورة على ميكروفيلم رقم Mic-NA:000238.</subfield>
		</datafield>
		<datafield n="14" tag="590">
			<subfield code=""/>
		</datafield>
		<datafield n="15" tag="866">
			<subfield code="">"في المكتبة:مج.3-6(1911-1914)؛ مج.7:ع.13(1919:كانون الأول)؛ مج.8:ع.7(1921:تموز)؛ مج.9:ع.1-5(أيار-أيلول)"</subfield>
		</datafield>
		<datafield n="16" tag="362">
			<subfield code=""/>
		</datafield>
	</record>