
	<record type="Bibliographic">
		<datafield n="1" tag="">
			<subfield code="">b23278134</subfield>
		</datafield>
		<datafield n="2" tag="">
			<subfield code="">s  </subfield>
		</datafield>
		<datafield n="3" tag="008">
			<subfield code="">1914</subfield>
		</datafield>
		<datafield n="4" tag="008">
			<subfield code="">19uu</subfield>
		</datafield>
		<datafield n="5" tag="245">
			<subfield code="a">النور :</subfield>
			<subfield code="b">مجلة أدبية إخبارية زراعية إنتقادية (لبنانية)</subfield>
		</datafield>
		<datafield n="6" tag="246">
			<subfield code="a">An-Nour :</subfield>
		</datafield>
		<datafield n="7" tag="222">
			<subfield code="a">النور</subfield>
		</datafield>
		<datafield n="8" tag="260">
			<subfield code="a"/>
			<subfield code="b"/>
			<subfield code="c"/>
		</datafield>
		<datafield n="9" tag="264">
			<subfield code="a">الإسكندرية، مصر :</subfield>
			<subfield code="b">مطبعة جرجي غرزوزي،</subfield>
			<subfield code="c">1904-[19؟؟]</subfield>
		</datafield>
		<datafield n="10" tag="300">
			<subfield code="">"مجلدات ؛ 23 سم"</subfield>
		</datafield>
		<datafield n="11" tag="310">
			<subfield code="">شهرية.</subfield>
		</datafield>
		<datafield n="12" tag="911">
			<subfield code="">CEASE</subfield>
		</datafield>
		<datafield n="13" tag="530">
			<subfield code=""/>
		</datafield>
		<datafield n="14" tag="590">
			<subfield code=""/>
		</datafield>
		<datafield n="15" tag="866">
			<subfield code="">"في المكتبة: مج.1:ع.1-مج.2:ع.24(1904:حزيران-1906)؛ مج.3:ع.1-مج.4:ع.4(1907:كانون الثاني-1908:تشرين الأول)"</subfield>
		</datafield>
		<datafield n="16" tag="362">
			<subfield code="">المجلد الأول، العدد الأول (حزيران 1904)</subfield>
		</datafield>
	</record>