
	<record type="Bibliographic">
		<datafield n="1" tag="">
			<subfield code="">b2327802x</subfield>
		</datafield>
		<datafield n="2" tag="">
			<subfield code="">s  </subfield>
		</datafield>
		<datafield n="3" tag="008">
			<subfield code="">1925</subfield>
		</datafield>
		<datafield n="4" tag="008">
			<subfield code="">19uu</subfield>
		</datafield>
		<datafield n="5" tag="245">
			<subfield code="a">النور :</subfield>
			<subfield code="b">مجلة أدبية علمية روائية.</subfield>
		</datafield>
		<datafield n="6" tag="246">
			<subfield code="a">La Lumiére</subfield>
		</datafield>
		<datafield n="7" tag="222">
			<subfield code="a">النور</subfield>
		</datafield>
		<datafield n="8" tag="260">
			<subfield code="a"/>
			<subfield code="b"/>
			<subfield code="c"/>
		</datafield>
		<datafield n="9" tag="264">
			<subfield code="a">اللاذقية، سوريا :</subfield>
			<subfield code="b">مطبعة كومين،</subfield>
			<subfield code="c">1925-19؟؟</subfield>
		</datafield>
		<datafield n="10" tag="300">
			<subfield code="">"مجلدات : مصورات ؛ 22 سم"</subfield>
		</datafield>
		<datafield n="11" tag="310">
			<subfield code="">شهرية.</subfield>
		</datafield>
		<datafield n="12" tag="911">
			<subfield code="">CEASE</subfield>
		</datafield>
		<datafield n="13" tag="530">
			<subfield code=""/>
		</datafield>
		<datafield n="14" tag="590">
			<subfield code=""/>
		</datafield>
		<datafield n="15" tag="866">
			<subfield code="">في المكتبة:مج.1:ع.1-10(1925:حزيران-1926:آذار)</subfield>
		</datafield>
		<datafield n="16" tag="362">
			<subfield code="">السنة الأولى، العدد الأول (حزيران 1925)</subfield>
		</datafield>
	</record>