
	<record type="Bibliographic">
		<datafield n="1" tag="">
			<subfield code="">b18308508</subfield>
		</datafield>
		<datafield n="2" tag="">
			<subfield code="">s  </subfield>
		</datafield>
		<datafield n="3" tag="008">
			<subfield code="">1924</subfield>
		</datafield>
		<datafield n="4" tag="008">
			<subfield code="">19uu</subfield>
		</datafield>
		<datafield n="5" tag="245">
			<subfield code="a">النونو :</subfield>
			<subfield code="b">صحيفة علمية أدبية جامعة.</subfield>
		</datafield>
		<datafield n="6" tag="246">
			<subfield code="a">"al-Nūnū :$""النونو :""$""جريدة النونو"""</subfield>
		</datafield>
		<datafield n="7" tag="222">
			<subfield code="a">النونو</subfield>
		</datafield>
		<datafield n="8" tag="260">
			<subfield code="a"/>
			<subfield code="b"/>
			<subfield code="c"/>
		</datafield>
		<datafield n="9" tag="264">
			<subfield code="a">القاهرة :</subfield>
			<subfield code="b">[جمال الدين حافظ عوض]،</subfield>
			<subfield code="c">1924-[19؟؟]</subfield>
		</datafield>
		<datafield n="10" tag="300">
			<subfield code="">"1 مجلد: مصورات ؛ 30 سم"</subfield>
		</datafield>
		<datafield n="11" tag="310">
			<subfield code="">اسبوعية</subfield>
		</datafield>
		<datafield n="12" tag="911">
			<subfield code="">CEASE</subfield>
		</datafield>
		<datafield n="13" tag="530">
			<subfield code=""/>
		</datafield>
		<datafield n="14" tag="590">
			<subfield code="">تحفظ في دائرة الأرشيف والمجموعات الخاصة.</subfield>
		</datafield>
		<datafield n="15" tag="866">
			<subfield code="">في المكتبة: س.1.ع.1(1924:تشرين الأول1)</subfield>
		</datafield>
		<datafield n="16" tag="362">
			<subfield code="">صدر العدد الأول السنة الأولى يوم الأحد 19 تشرين الأول 1924.</subfield>
		</datafield>
	</record>