
	<record type="Bibliographic">
		<datafield n="1" tag="">
			<subfield code="">b12818501</subfield>
		</datafield>
		<datafield n="2" tag="">
			<subfield code="">s  </subfield>
		</datafield>
		<datafield n="3" tag="008">
			<subfield code="">1892</subfield>
		</datafield>
		<datafield n="4" tag="008">
			<subfield code="">1985</subfield>
		</datafield>
		<datafield n="5" tag="245">
			<subfield code="a">الهلال.</subfield>
			<subfield code="b"/>
		</datafield>
		<datafield n="6" tag="246">
			<subfield code="a">"al-Hilāl$""الهلال :""$""الهلال :"""</subfield>
		</datafield>
		<datafield n="7" tag="222">
			<subfield code="a">الهلال</subfield>
		</datafield>
		<datafield n="8" tag="260">
			<subfield code="a"/>
			<subfield code="b"/>
			<subfield code="c"/>
		</datafield>
		<datafield n="9" tag="264">
			<subfield code="a">القاهرة :</subfield>
			<subfield code="b">[دار الهلال]،</subfield>
			<subfield code="c">1892-1985.</subfield>
		</datafield>
		<datafield n="10" tag="300">
			<subfield code="">مجلدات : مصورات</subfield>
		</datafield>
		<datafield n="11" tag="310">
			<subfield code="">شهرية.</subfield>
		</datafield>
		<datafield n="12" tag="911">
			<subfield code="">CEASE</subfield>
		</datafield>
		<datafield n="13" tag="530">
			<subfield code=""/>
		</datafield>
		<datafield n="14" tag="590">
			<subfield code="">المكتبة تحتفظ بالنسخة الكاملة في دائرة الارشيف والمجموعات الخاصة</subfield>
		</datafield>
		<datafield n="15" tag="866">
			<subfield code="">"في المكتبة:مج.1-48(1892-1940)؛ مج.50-89(1941-1981)؛ مج.91-93(1983-1985)؛ مج.106:ع.2، 4(1998)؛ مج.114:ع.2(2006)"</subfield>
		</datafield>
		<datafield n="16" tag="362">
			<subfield code="">صدرت السنة الاولى 1892.</subfield>
		</datafield>
	</record>