
	<record type="Bibliographic">
		<datafield n="1" tag="">
			<subfield code="">b12827642</subfield>
		</datafield>
		<datafield n="2" tag="">
			<subfield code="">1  </subfield>
		</datafield>
		<datafield n="3" tag="008">
			<subfield code="">1892</subfield>
		</datafield>
		<datafield n="4" tag="008">
			<subfield code="">1985</subfield>
		</datafield>
		<datafield n="5" tag="245">
			<subfield code="a">الهلال.</subfield>
			<subfield code="b"/>
		</datafield>
		<datafield n="6" tag="246">
			<subfield code="a">"al-Hilāl$""الهلال :""$""الهلال :"""</subfield>
		</datafield>
		<datafield n="7" tag="222">
			<subfield code="a">الهلال</subfield>
		</datafield>
		<datafield n="8" tag="260">
			<subfield code="a"/>
			<subfield code="b"/>
			<subfield code="c"/>
		</datafield>
		<datafield n="9" tag="264">
			<subfield code="a">القاهرة :</subfield>
			<subfield code="b">[دار الهلال]،</subfield>
			<subfield code="c">1892-</subfield>
		</datafield>
		<datafield n="10" tag="300">
			<subfield code="">"9 بكرة ميكروفيلم : سلبي وايجابي ؛ 35 مم"</subfield>
		</datafield>
		<datafield n="11" tag="310">
			<subfield code=""/>
		</datafield>
		<datafield n="12" tag="911">
			<subfield code="">CEASE</subfield>
		</datafield>
		<datafield n="13" tag="530">
			<subfield code=""/>
		</datafield>
		<datafield n="14" tag="590">
			<subfield code="">"في المكتبة : الاعداد 1892-1985.$""نسخة مصورة على ميكروفيلم. تم التصوير في دائرة المصغرات الفلمية، مكتبة يافث التذكارية، 1994."""</subfield>
		</datafield>
		<datafield n="15" tag="866">
			<subfield code="">في المكتبة:1892: ايلول- 1893:آب،1897: ايلول-1898: آب ، تشرين الاول -1899: ايلول، 1939:تشرين الثاني-1940:آب-1941:كانون اول،1942:نيسان-تشرين الثاني، 1943:آذار-1944:تشرين الاول 1944، 1945: كانون الثاني- تشرين الثاني.</subfield>
		</datafield>
		<datafield n="16" tag="362">
			<subfield code="">صدرت السنة الاولى 1892.</subfield>
		</datafield>
	</record>