
	<record type="Bibliographic">
		<datafield n="1" tag="">
			<subfield code="">b23276940</subfield>
		</datafield>
		<datafield n="2" tag="">
			<subfield code="">s  </subfield>
		</datafield>
		<datafield n="3" tag="008">
			<subfield code="">1921</subfield>
		</datafield>
		<datafield n="4" tag="008">
			<subfield code="">19uu</subfield>
		</datafield>
		<datafield n="5" tag="245">
			<subfield code="a">الهندسة :</subfield>
			<subfield code="b">مجلة فنية هندسية شهرية.</subfield>
		</datafield>
		<datafield n="6" tag="246">
			<subfield code="a">al-Handasa :</subfield>
		</datafield>
		<datafield n="7" tag="222">
			<subfield code="a">الهندسة</subfield>
		</datafield>
		<datafield n="8" tag="260">
			<subfield code="a"/>
			<subfield code="b"/>
			<subfield code="c"/>
		</datafield>
		<datafield n="9" tag="264">
			<subfield code="a">مصر :</subfield>
			<subfield code="b">مطبعة الإعتماد،</subfield>
			<subfield code="c">[1921-19؟؟]</subfield>
		</datafield>
		<datafield n="10" tag="300">
			<subfield code="">"مجلدات : مصورات، رسوم بيانية ؛ 25 سم"</subfield>
		</datafield>
		<datafield n="11" tag="310">
			<subfield code="">شهرية.</subfield>
		</datafield>
		<datafield n="12" tag="911">
			<subfield code="">CEASE</subfield>
		</datafield>
		<datafield n="13" tag="530">
			<subfield code=""/>
		</datafield>
		<datafield n="14" tag="590">
			<subfield code=""/>
		</datafield>
		<datafield n="15" tag="866">
			<subfield code="">"في المكتبة: مج.2:ع.4، 8، 9، 11(1922:نيسان، آب، أيلول، تشرين الثاني)؛ مج.3:ع.6(1923:حزيران)"</subfield>
		</datafield>
		<datafield n="16" tag="362">
			<subfield code=""/>
		</datafield>
	</record>