
	<record type="Bibliographic">
		<datafield n="1" tag="">
			<subfield code="">b12823557</subfield>
		</datafield>
		<datafield n="2" tag="">
			<subfield code="">1  </subfield>
		</datafield>
		<datafield n="3" tag="008">
			<subfield code="">1873</subfield>
		</datafield>
		<datafield n="4" tag="008">
			<subfield code="">1993</subfield>
		</datafield>
		<datafield n="5" tag="245">
			<subfield code="a">الوقائع المصرية :</subfield>
			<subfield code="b">ملحق للجريدة الرسمية /</subfield>
		</datafield>
		<datafield n="6" tag="246">
			<subfield code="a">"al-Waqā’i‘ al-Miṣrīyah :$""الوقائع المصرية :"""</subfield>
		</datafield>
		<datafield n="7" tag="222">
			<subfield code="a">الوقائع المصرية</subfield>
		</datafield>
		<datafield n="8" tag="260">
			<subfield code="a"/>
			<subfield code="b"/>
			<subfield code="c"/>
		</datafield>
		<datafield n="9" tag="264">
			<subfield code="a">مصر :</subfield>
			<subfield code="b">رئاسة الجمهورية،</subfield>
			<subfield code="c">[1873-1993]</subfield>
		</datafield>
		<datafield n="10" tag="300">
			<subfield code="">"34 بكرة ميكروفيلم : سلبي وايجابي ؛ 35 مم"</subfield>
		</datafield>
		<datafield n="11" tag="310">
			<subfield code=""/>
		</datafield>
		<datafield n="12" tag="911">
			<subfield code="">CEASE</subfield>
		</datafield>
		<datafield n="13" tag="530">
			<subfield code="">متوفر ايضاً بنسخة مطبوعة.</subfield>
		</datafield>
		<datafield n="14" tag="590">
			<subfield code="">نسخة مصورة على ميكروفيلم. تم التصوير في دائرة المصغرات الفلمية، مكتبة يافث التذكارية</subfield>
		</datafield>
		<datafield n="15" tag="866">
			<subfield code="">في المكتبة :1966:كانون الثاني-1967:كانون الاول،1968 نيسان-آب،1969: نيسان- تموز، تشرين الثاني-كانون الاول،1970:كانون الثاني-1993:كانون اول.</subfield>
		</datafield>
		<datafield n="16" tag="362">
			<subfield code=""/>
		</datafield>
	</record>