
	<record type="Bibliographic">
		<datafield n="1" tag="">
			<subfield code="">b12829699</subfield>
		</datafield>
		<datafield n="2" tag="">
			<subfield code="">s  </subfield>
		</datafield>
		<datafield n="3" tag="008">
			<subfield code="">1887</subfield>
		</datafield>
		<datafield n="4" tag="008">
			<subfield code="">9999</subfield>
		</datafield>
		<datafield n="5" tag="245">
			<subfield code="a">الوقائع المصرية :</subfield>
			<subfield code="b">ملحق للجريدة الرسمية /</subfield>
		</datafield>
		<datafield n="6" tag="246">
			<subfield code="a">الوقائع المصرية :</subfield>
		</datafield>
		<datafield n="7" tag="222">
			<subfield code="a">الوقائع المصرية</subfield>
		</datafield>
		<datafield n="8" tag="260">
			<subfield code="a"/>
			<subfield code="b"/>
			<subfield code="c"/>
		</datafield>
		<datafield n="9" tag="264">
			<subfield code="a">مصر :</subfield>
			<subfield code="b">جمهورية مصر العربية، رئاسة الجمهورية،</subfield>
			<subfield code="c">[1887]-</subfield>
		</datafield>
		<datafield n="10" tag="300">
			<subfield code="">مجلدات</subfield>
		</datafield>
		<datafield n="11" tag="310">
			<subfield code=""/>
		</datafield>
		<datafield n="12" tag="911">
			<subfield code="">CEASE</subfield>
		</datafield>
		<datafield n="13" tag="530">
			<subfield code="">متوفر ايضاً على ميكروفيلم : Mic-NA:000192</subfield>
		</datafield>
		<datafield n="14" tag="590">
			<subfield code="">"السنوات 1939-1943 و1954 في اربعة اقسام و1944-1948 في قسمين، و1949-1950 في ثلاثة اقسام.$""وابتداء من 1951 (ما عدا 1954) جلد كل شهر على حدة"""</subfield>
		</datafield>
		<datafield n="15" tag="866">
			<subfield code="">في المكتبة :(1924:نيسان-1925:آذار،1938:ايلول-1941:حزيران،آب-1968:كانون اول،1969:نيسان، تموز، تشرين الثاني، 1973:كانون الثاني-1974:كانون اول، 1981:كانون الثاني-1982:ايار)</subfield>
		</datafield>
		<datafield n="16" tag="362">
			<subfield code=""/>
		</datafield>
	</record>