
	<record type="Bibliographic">
		<datafield n="1" tag="">
			<subfield code="">b1282818x</subfield>
		</datafield>
		<datafield n="2" tag="">
			<subfield code="">1  </subfield>
		</datafield>
		<datafield n="3" tag="008">
			<subfield code="">1929</subfield>
		</datafield>
		<datafield n="4" tag="008">
			<subfield code="">1930</subfield>
		</datafield>
		<datafield n="5" tag="245">
			<subfield code="a">اليقظة :</subfield>
			<subfield code="b">مجلة أدبية صناعية جامعة /</subfield>
		</datafield>
		<datafield n="6" tag="246">
			<subfield code="a">al-Yaqaẓah :</subfield>
		</datafield>
		<datafield n="7" tag="222">
			<subfield code="a">اليقظة</subfield>
		</datafield>
		<datafield n="8" tag="260">
			<subfield code="a"/>
			<subfield code="b"/>
			<subfield code="c"/>
		</datafield>
		<datafield n="9" tag="264">
			<subfield code="a">بيروت :</subfield>
			<subfield code="b">نقابة عمال المطابع في بيروت،</subfield>
			<subfield code="c">1929-1930.</subfield>
		</datafield>
		<datafield n="10" tag="300">
			<subfield code="">"2 بكرة ميكروفيلم : سلبي وايجابي ؛ 35 مم"</subfield>
		</datafield>
		<datafield n="11" tag="310">
			<subfield code=""/>
		</datafield>
		<datafield n="12" tag="911">
			<subfield code="">CEASE</subfield>
		</datafield>
		<datafield n="13" tag="530">
			<subfield code=""/>
		</datafield>
		<datafield n="14" tag="590">
			<subfield code="">نسخة مصورة على ميكروفيلم. تم التصوير في دائرة المصغرات الفلمية، مكتبة يافث التذكارية، 1994.</subfield>
		</datafield>
		<datafield n="15" tag="866">
			<subfield code="">في المكتبة : 1929:حزيران-1930:حزيران /تموز.</subfield>
		</datafield>
		<datafield n="16" tag="362">
			<subfield code=""/>
		</datafield>
	</record>