
	<record type="Bibliographic">
		<datafield n="1" tag="">
			<subfield code="">b12829092</subfield>
		</datafield>
		<datafield n="2" tag="">
			<subfield code="">s  </subfield>
		</datafield>
		<datafield n="3" tag="008">
			<subfield code="">1900</subfield>
		</datafield>
		<datafield n="4" tag="008">
			<subfield code="">1987</subfield>
		</datafield>
		<datafield n="5" tag="245">
			<subfield code="a">إعلامات ببليوغرافية /</subfield>
			<subfield code="b"/>
		</datafield>
		<datafield n="6" tag="246">
			<subfield code="a">"I‘lāmāt bibliyūghrāfiyah$""Informations bibliographiques"""</subfield>
		</datafield>
		<datafield n="7" tag="222">
			<subfield code="a">إعلامات ببليوغرافية </subfield>
		</datafield>
		<datafield n="8" tag="260">
			<subfield code="a"/>
			<subfield code="b"/>
			<subfield code="c"/>
		</datafield>
		<datafield n="9" tag="264">
			<subfield code="a">تونس :</subfield>
			<subfield code="b">دار الكتب الوطنية،</subfield>
			<subfield code="c">1900-1987.</subfield>
		</datafield>
		<datafield n="10" tag="300">
			<subfield code="">مجلدات.</subfield>
		</datafield>
		<datafield n="11" tag="310">
			<subfield code=""/>
		</datafield>
		<datafield n="12" tag="911">
			<subfield code="">CEASE</subfield>
		</datafield>
		<datafield n="13" tag="530">
			<subfield code=""/>
		</datafield>
		<datafield n="14" tag="590">
			<subfield code="">"في المكتبة: 1966 (س 1، ع 1)؛1971 (عدد 2)؛ 1980؛ 1981(4 اعداد)؛ 1982 (4)؛ 1983(عدد 1)"</subfield>
		</datafield>
		<datafield n="15" tag="866">
			<subfield code="">في المكتبة:1966،1971، 1980-1983.</subfield>
		</datafield>
		<datafield n="16" tag="362">
			<subfield code="">صدر العدد الاول سنة 1900.</subfield>
		</datafield>
	</record>