
	<record type="Bibliographic">
		<datafield n="1" tag="">
			<subfield code="">b23277750</subfield>
		</datafield>
		<datafield n="2" tag="">
			<subfield code="">s  </subfield>
		</datafield>
		<datafield n="3" tag="008">
			<subfield code="">1906</subfield>
		</datafield>
		<datafield n="4" tag="008">
			<subfield code="">1937</subfield>
		</datafield>
		<datafield n="5" tag="245">
			<subfield code="a">أبو الهول :</subfield>
			<subfield code="b">جريدة لبنانية جامعة.</subfield>
		</datafield>
		<datafield n="6" tag="246">
			<subfield code="a">"Sphynge$""Esphinge"""</subfield>
		</datafield>
		<datafield n="7" tag="222">
			<subfield code="a">أبو الهول</subfield>
		</datafield>
		<datafield n="8" tag="260">
			<subfield code="a"/>
			<subfield code="b"/>
			<subfield code="c"/>
		</datafield>
		<datafield n="9" tag="264">
			<subfield code="a">سان باولو، برازيل :</subfield>
			<subfield code="b">[شكري الخوري]،</subfield>
			<subfield code="c">1906-1937.</subfield>
		</datafield>
		<datafield n="10" tag="300">
			<subfield code="">مجلدات</subfield>
		</datafield>
		<datafield n="11" tag="310">
			<subfield code="">مرتين في الأسبوع.</subfield>
		</datafield>
		<datafield n="12" tag="911">
			<subfield code="">CEASE</subfield>
		</datafield>
		<datafield n="13" tag="530">
			<subfield code=""/>
		</datafield>
		<datafield n="14" tag="590">
			<subfield code=""/>
		</datafield>
		<datafield n="15" tag="866">
			<subfield code="">"في المكتبة:مج.8:ع.180-182(1914:حزيران)؛ عدد أبو الهول الممتاز(1922:أيلول)؛ مج.28:عدد ابو الهول التاريخي(1936)؛ مج.24:ع.1684(1930:آذار)؛ مج.26:ع.1(1931:تموز)؛ مج.32:ع.85(1937:أيلول)"</subfield>
		</datafield>
		<datafield n="16" tag="362">
			<subfield code=""/>
		</datafield>
	</record>