
	<record type="Bibliographic">
		<datafield n="1" tag="">
			<subfield code="">b25924886</subfield>
		</datafield>
		<datafield n="2" tag="">
			<subfield code="">s  </subfield>
		</datafield>
		<datafield n="3" tag="008">
			<subfield code="">1877</subfield>
		</datafield>
		<datafield n="4" tag="008">
			<subfield code="">1910</subfield>
		</datafield>
		<datafield n="5" tag="245">
			<subfield code="a">أبو نظارة :</subfield>
			<subfield code="b">جريدة شرقية.</subfield>
		</datafield>
		<datafield n="6" tag="246">
			<subfield code="a">"Abū Naẓẓāra$""Abou Nazzarah""$""Le journal d'Abou Naddara""$""جرائد ابي نظارة""$""صحف ابو نظارة"""</subfield>
		</datafield>
		<datafield n="7" tag="222">
			<subfield code="a">أبو نظارة</subfield>
		</datafield>
		<datafield n="8" tag="260">
			<subfield code="a"/>
			<subfield code="b"/>
			<subfield code="c"/>
		</datafield>
		<datafield n="9" tag="264">
			<subfield code="a">باريس :</subfield>
			<subfield code="b">ج. سانوا،</subfield>
			<subfield code="c">1877-1910.</subfield>
		</datafield>
		<datafield n="10" tag="300">
			<subfield code="">"مجلدات : مصورات ؛ 33 سم"</subfield>
		</datafield>
		<datafield n="11" tag="310">
			<subfield code="">فصلية.</subfield>
		</datafield>
		<datafield n="12" tag="911">
			<subfield code="">CEASE</subfield>
		</datafield>
		<datafield n="13" tag="530">
			<subfield code=""/>
		</datafield>
		<datafield n="14" tag="590">
			<subfield code=""/>
		</datafield>
		<datafield n="15" tag="866">
			<subfield code="">في المكتبة: 1885-1902.</subfield>
		</datafield>
		<datafield n="16" tag="362">
			<subfield code=""/>
		</datafield>
	</record>