
	<record type="Bibliographic">
		<datafield n="1" tag="">
			<subfield code="">b12823922</subfield>
		</datafield>
		<datafield n="2" tag="">
			<subfield code="">1  </subfield>
		</datafield>
		<datafield n="3" tag="008">
			<subfield code="">1868</subfield>
		</datafield>
		<datafield n="4" tag="008">
			<subfield code="">1869</subfield>
		</datafield>
		<datafield n="5" tag="245">
			<subfield code="a">أعمال الجمعية العلمية السورية في بيروت /</subfield>
			<subfield code="b"/>
		</datafield>
		<datafield n="6" tag="246">
			<subfield code="a">"Amāl al-Jamīyah al-ilmīyah al-Sūrīyah fī Bayrūt$""مجموع واجبات أعضاء وعمدة الجمعية العلمية السورية في بيروت"""</subfield>
		</datafield>
		<datafield n="7" tag="222">
			<subfield code="a">أعمال الجمعية العلمية السورية في بيروت</subfield>
		</datafield>
		<datafield n="8" tag="260">
			<subfield code="a"/>
			<subfield code="b"/>
			<subfield code="c"/>
		</datafield>
		<datafield n="9" tag="264">
			<subfield code="a">بيروت :</subfield>
			<subfield code="b">الجمعية العلمية السورية في بيروت،</subfield>
			<subfield code="c">1868-1869.</subfield>
		</datafield>
		<datafield n="10" tag="300">
			<subfield code="">"1 بكرة ميكروفيلم : 1 سلبي، 1 ايجابي ؛ 35 مم"</subfield>
		</datafield>
		<datafield n="11" tag="310">
			<subfield code=""/>
		</datafield>
		<datafield n="12" tag="911">
			<subfield code="">CEASE</subfield>
		</datafield>
		<datafield n="13" tag="530">
			<subfield code="">متوفر ايضاً على نسخة مطبوعة.</subfield>
		</datafield>
		<datafield n="14" tag="590">
			<subfield code="">نسخة مصورة على ميكروفيلم. تم التصوير في دائرة المصغرات الفلمية، مكتبة يافث التذكارية، 1986.</subfield>
		</datafield>
		<datafield n="15" tag="866">
			<subfield code="">"في المكتبة: السنة الأولى: المجموعة 1-4، 7-9(1868)؛ السنة الثانية: المجموعة 1-7(1869)"</subfield>
		</datafield>
		<datafield n="16" tag="362">
			<subfield code=""/>
		</datafield>
	</record>