
	<record type="Bibliographic">
		<datafield n="1" tag="">
			<subfield code="">b13579228</subfield>
		</datafield>
		<datafield n="2" tag="">
			<subfield code="">s  </subfield>
		</datafield>
		<datafield n="3" tag="008">
			<subfield code="">1868</subfield>
		</datafield>
		<datafield n="4" tag="008">
			<subfield code="">1869</subfield>
		</datafield>
		<datafield n="5" tag="245">
			<subfield code="a">أعمال الجمعية العلمية السورية في بيروت /</subfield>
			<subfield code="b"/>
		</datafield>
		<datafield n="6" tag="246">
			<subfield code="a">"Amāl al-Jamīyah al-ilmīyah al-Sūrīyah fī Bayrūt$""مجموع واجبات أعضاء وعمدة الجمعية العلمية السورية في بيروت"""</subfield>
		</datafield>
		<datafield n="7" tag="222">
			<subfield code="a">أعمال الجمعية العلمية السورية في بيروت</subfield>
		</datafield>
		<datafield n="8" tag="260">
			<subfield code="a"/>
			<subfield code="b"/>
			<subfield code="c"/>
		</datafield>
		<datafield n="9" tag="264">
			<subfield code="a">بيروت :</subfield>
			<subfield code="b">الجمعية العلمية السورية في بيروت،</subfield>
			<subfield code="c">1868-1869.</subfield>
		</datafield>
		<datafield n="10" tag="300">
			<subfield code="">"مجلدات ؛ 22 سم"</subfield>
		</datafield>
		<datafield n="11" tag="310">
			<subfield code=""/>
		</datafield>
		<datafield n="12" tag="911">
			<subfield code="">CEASE</subfield>
		</datafield>
		<datafield n="13" tag="530">
			<subfield code="">نسخة متوفرة على ميكروفيلم: Mic-NA:000220</subfield>
		</datafield>
		<datafield n="14" tag="590">
			<subfield code="">اعداد مصورة (فوتوكوبي) ع.1-4، 7-9(1868)، ع.1-7(1869)</subfield>
		</datafield>
		<datafield n="15" tag="866">
			<subfield code="">"في المكتبة: السنة الأولى: المجموعة 2-4، 6(1868)؛ السنة الثانية: المجموعة 3، 4، 7(1869)"</subfield>
		</datafield>
		<datafield n="16" tag="362">
			<subfield code="">صدرت سنة 1868.</subfield>
		</datafield>
	</record>