
	<record type="Bibliographic">
		<datafield n="1" tag="">
			<subfield code="">b12823089</subfield>
		</datafield>
		<datafield n="2" tag="">
			<subfield code="">1  </subfield>
		</datafield>
		<datafield n="3" tag="008">
			<subfield code="">1920</subfield>
		</datafield>
		<datafield n="4" tag="008">
			<subfield code="">1958</subfield>
		</datafield>
		<datafield n="5" tag="245">
			<subfield code="a">ألف باء :</subfield>
			<subfield code="b">جريدة سورية تبحث في السياسة والأخلاق.</subfield>
		</datafield>
		<datafield n="6" tag="246">
			<subfield code="a">Alif Bā :</subfield>
		</datafield>
		<datafield n="7" tag="222">
			<subfield code="a">ألف باء</subfield>
		</datafield>
		<datafield n="8" tag="260">
			<subfield code="a"/>
			<subfield code="b"/>
			<subfield code="c"/>
		</datafield>
		<datafield n="9" tag="264">
			<subfield code="a">دمشق :</subfield>
			<subfield code="b">يوسف العيسى،</subfield>
			<subfield code="c">1920-1958.</subfield>
		</datafield>
		<datafield n="10" tag="300">
			<subfield code="">"4 بكرة ميكروفيلم : ايجابي ؛ 35 مم"</subfield>
		</datafield>
		<datafield n="11" tag="310">
			<subfield code=""/>
		</datafield>
		<datafield n="12" tag="911">
			<subfield code="">CEASE</subfield>
		</datafield>
		<datafield n="13" tag="530">
			<subfield code=""/>
		</datafield>
		<datafield n="14" tag="590">
			<subfield code="">نسخة مصورة على ميكروفيلم. تم التصوير في دائرة المصغرات الفلمية، مكتبة يافث التذكارية.</subfield>
		</datafield>
		<datafield n="15" tag="866">
			<subfield code="">في المكتبة:1920:ايلول-1921:آب،1936:آذار،3 -1937:آذار،26.</subfield>
		</datafield>
		<datafield n="16" tag="362">
			<subfield code="">صدرت السنة الأولى العدد الأول  أيلول 1920.</subfield>
		</datafield>
	</record>