
	<record type="Bibliographic">
		<datafield n="1" tag="">
			<subfield code="">b2328089x</subfield>
		</datafield>
		<datafield n="2" tag="">
			<subfield code="">s  </subfield>
		</datafield>
		<datafield n="3" tag="008">
			<subfield code="">1920</subfield>
		</datafield>
		<datafield n="4" tag="008">
			<subfield code="">1958</subfield>
		</datafield>
		<datafield n="5" tag="245">
			<subfield code="a">ألف باء :</subfield>
			<subfield code="b">جريدة سورية تبحث في السياسة والأخلاق.</subfield>
		</datafield>
		<datafield n="6" tag="246">
			<subfield code="a">Alif Bā :</subfield>
		</datafield>
		<datafield n="7" tag="222">
			<subfield code="a">ألف باء</subfield>
		</datafield>
		<datafield n="8" tag="260">
			<subfield code="a"/>
			<subfield code="b"/>
			<subfield code="c"/>
		</datafield>
		<datafield n="9" tag="264">
			<subfield code="a">دمشق :</subfield>
			<subfield code="b">يوسف العيسى،</subfield>
			<subfield code="c">1920-1958.</subfield>
		</datafield>
		<datafield n="10" tag="300">
			<subfield code="">مجلدات.</subfield>
		</datafield>
		<datafield n="11" tag="310">
			<subfield code=""/>
		</datafield>
		<datafield n="12" tag="911">
			<subfield code="">CEASE</subfield>
		</datafield>
		<datafield n="13" tag="530">
			<subfield code="">متوفر أيضاً على ميكروفيلم Mic-NA:000146</subfield>
		</datafield>
		<datafield n="14" tag="590">
			<subfield code=""/>
		</datafield>
		<datafield n="15" tag="866">
			<subfield code="">"في المكتبة:مج.2:ع.448(1922:آذار)؛ مج.7:ع.1968(1927:حزيران)؛ مج.8:ع.2083، 2093، 2141(1927:تشرين الثاني، 1928:كانون الثاني)؛ مج.9:ع.2230(1928:أيلول)؛ مج.11:ع.2928، 3054-3061(1930:أيلول، 1931:شباط، 1932:شباط)؛ مج.14:ع.3813، 3814، 4004، 4009(1933:أيلول، 1934:أيار)"</subfield>
		</datafield>
		<datafield n="16" tag="362">
			<subfield code="">صدرت السنة الأولى العدد الأول  أيلول 1920.</subfield>
		</datafield>
	</record>