
	<record type="Bibliographic">
		<datafield n="1" tag="">
			<subfield code="">b23277440</subfield>
		</datafield>
		<datafield n="2" tag="">
			<subfield code="">s  </subfield>
		</datafield>
		<datafield n="3" tag="008">
			<subfield code="">1928</subfield>
		</datafield>
		<datafield n="4" tag="008">
			<subfield code="">1954</subfield>
		</datafield>
		<datafield n="5" tag="245">
			<subfield code="a">ألف ليلة وليلة :</subfield>
			<subfield code="b">مجلة روائية تصدر مرة في الاسبوع.</subfield>
		</datafield>
		<datafield n="6" tag="246">
			<subfield code="a">"مجلة روائية أسبوعية مصورة$""مجلة قصصية أسبوعية تصدر صباح كل يوم إثنين"""</subfield>
		</datafield>
		<datafield n="7" tag="222">
			<subfield code="a">ألف ليلة وليلة</subfield>
		</datafield>
		<datafield n="8" tag="260">
			<subfield code="a"/>
			<subfield code="b"/>
			<subfield code="c"/>
		</datafield>
		<datafield n="9" tag="264">
			<subfield code="a">بيروت، [لبنان] :</subfield>
			<subfield code="b">ألف ليلة وليلة،</subfield>
			<subfield code="c">1928-[1954]</subfield>
		</datafield>
		<datafield n="10" tag="300">
			<subfield code="">أسبوعية.</subfield>
		</datafield>
		<datafield n="11" tag="310">
			<subfield code=""/>
		</datafield>
		<datafield n="12" tag="911">
			<subfield code="">CEASE</subfield>
		</datafield>
		<datafield n="13" tag="530">
			<subfield code=""/>
		</datafield>
		<datafield n="14" tag="590">
			<subfield code=""/>
		</datafield>
		<datafield n="15" tag="866">
			<subfield code="">"في المكتبة:ع.15، 32(1928:نيسان، آب)؛ع.113(1930:آذار)؛ ع.153(1931:كانون الثاني)؛ ع.274(1933:أيار)؛ ع.677(1947)؛ ع.735(1948)؛ ع.776(1949)؛ ع.939، 958، 964(1953)"</subfield>
		</datafield>
		<datafield n="16" tag="362">
			<subfield code=""/>
		</datafield>
	</record>