
	<record type="Bibliographic">
		<datafield n="1" tag="">
			<subfield code="">b18350549</subfield>
		</datafield>
		<datafield n="2" tag="">
			<subfield code="">s  </subfield>
		</datafield>
		<datafield n="3" tag="008">
			<subfield code="">1898</subfield>
		</datafield>
		<datafield n="4" tag="008">
			<subfield code="">9999</subfield>
		</datafield>
		<datafield n="5" tag="245">
			<subfield code="a">أنيس التلميذ :</subfield>
			<subfield code="b">مجلة أسبوعية علمية أدبية فكاهية.</subfield>
		</datafield>
		<datafield n="6" tag="246">
			<subfield code="a">"Anīs al-Tilmīdh :$""Aniss-ul-telmiz"""</subfield>
		</datafield>
		<datafield n="7" tag="222">
			<subfield code="a">أنيس التلميذ</subfield>
		</datafield>
		<datafield n="8" tag="260">
			<subfield code="a"/>
			<subfield code="b"/>
			<subfield code="c"/>
		</datafield>
		<datafield n="9" tag="264">
			<subfield code="a">مصر :</subfield>
			<subfield code="b">[موسى أفندي بنروبي]،</subfield>
			<subfield code="c">1898-</subfield>
		</datafield>
		<datafield n="10" tag="300">
			<subfield code="">"مجلدات ؛ 24 سم"</subfield>
		</datafield>
		<datafield n="11" tag="310">
			<subfield code="">أسبوعية</subfield>
		</datafield>
		<datafield n="12" tag="911">
			<subfield code="">CEASE</subfield>
		</datafield>
		<datafield n="13" tag="530">
			<subfield code=""/>
		</datafield>
		<datafield n="14" tag="590">
			<subfield code="">تحفظ في دائرة المحفوظات والمجموعات الخاصة.</subfield>
		</datafield>
		<datafield n="15" tag="866">
			<subfield code="">في المكتبة:مج.1:ج.1-7(1898:آيار-حزيران)</subfield>
		</datafield>
		<datafield n="16" tag="362">
			<subfield code="">صدر العدد الأول آيار 1898.</subfield>
		</datafield>
	</record>