
	<record type="Bibliographic">
		<datafield n="1" tag="">
			<subfield code="">b12828567</subfield>
		</datafield>
		<datafield n="2" tag="">
			<subfield code="">1  </subfield>
		</datafield>
		<datafield n="3" tag="008">
			<subfield code="">1859</subfield>
		</datafield>
		<datafield n="4" tag="008">
			<subfield code="">1865</subfield>
		</datafield>
		<datafield n="5" tag="245">
			<subfield code="a">برجيس بريس أنيس الجليس.</subfield>
			<subfield code="b"/>
		</datafield>
		<datafield n="6" tag="246">
			<subfield code="a">Barjīs barīss anīs al-jalīs</subfield>
		</datafield>
		<datafield n="7" tag="222">
			<subfield code="a">برجيس بريس أنيس الجليس</subfield>
		</datafield>
		<datafield n="8" tag="260">
			<subfield code="a"/>
			<subfield code="b"/>
			<subfield code="c"/>
		</datafield>
		<datafield n="9" tag="264">
			<subfield code="a">باريس :</subfield>
			<subfield code="b">Imprimerie G. Jousset،</subfield>
			<subfield code="c">1859-1865.</subfield>
		</datafield>
		<datafield n="10" tag="300">
			<subfield code="">"1 بكرة ميكروفيلم : سلبي وايجابي ؛ 35 مم"</subfield>
		</datafield>
		<datafield n="11" tag="310">
			<subfield code=""/>
		</datafield>
		<datafield n="12" tag="911">
			<subfield code="">CEASE</subfield>
		</datafield>
		<datafield n="13" tag="530">
			<subfield code=""/>
		</datafield>
		<datafield n="14" tag="590">
			<subfield code="">نسخة مصورة على ميكروفيلم. تم التصوير في المكتبة الوطنية الفرنسية، 1970.</subfield>
		</datafield>
		<datafield n="15" tag="866">
			<subfield code="">في المكتبة:س.1:ع.1-س.8:ع.179(1859:حزيران24-1865:أيار23)</subfield>
		</datafield>
		<datafield n="16" tag="362">
			<subfield code=""/>
		</datafield>
	</record>