
	<record type="Bibliographic">
		<datafield n="1" tag="">
			<subfield code="">b13163486</subfield>
		</datafield>
		<datafield n="2" tag="">
			<subfield code="">1  </subfield>
		</datafield>
		<datafield n="3" tag="008">
			<subfield code="">1924</subfield>
		</datafield>
		<datafield n="4" tag="008">
			<subfield code="">19uu</subfield>
		</datafield>
		<datafield n="5" tag="245">
			<subfield code="a">بريد الحجاز :</subfield>
			<subfield code="b">جريدة سياسية يومية.</subfield>
		</datafield>
		<datafield n="6" tag="246">
			<subfield code="a">Barīd al-ḥijāz :</subfield>
		</datafield>
		<datafield n="7" tag="222">
			<subfield code="a">بريد الحجاز</subfield>
		</datafield>
		<datafield n="8" tag="260">
			<subfield code="a"/>
			<subfield code="b"/>
			<subfield code="c"/>
		</datafield>
		<datafield n="9" tag="264">
			<subfield code="a">جدة :</subfield>
			<subfield code="b">[محمد صالح نصيف]،</subfield>
			<subfield code="c">1924-[19؟؟]</subfield>
		</datafield>
		<datafield n="10" tag="300">
			<subfield code="">"بكرة ميكروفيلم : سلبي وايجابي ؛ 35 مم"</subfield>
		</datafield>
		<datafield n="11" tag="310">
			<subfield code=""/>
		</datafield>
		<datafield n="12" tag="911">
			<subfield code="">CEASE</subfield>
		</datafield>
		<datafield n="13" tag="530">
			<subfield code=""/>
		</datafield>
		<datafield n="14" tag="590">
			<subfield code="">نسخة مصورة على ميكروفيلم. تم التصوير في دائرة المصغرات الفلمية، مكتبة يافث التذكارية.</subfield>
		</datafield>
		<datafield n="15" tag="866">
			<subfield code="">في المكتبة:مج. 1:ع.1-56 (29 ربيع الثاني 1343هـ [1924: نوفمبر 1925م ])</subfield>
		</datafield>
		<datafield n="16" tag="362">
			<subfield code="">صدرت عام 1343هـ.</subfield>
		</datafield>
	</record>