
	<record type="Bibliographic">
		<datafield n="1" tag="">
			<subfield code="">b25821878</subfield>
		</datafield>
		<datafield n="2" tag="">
			<subfield code="">s  </subfield>
		</datafield>
		<datafield n="3" tag="008">
			<subfield code="">1928</subfield>
		</datafield>
		<datafield n="4" tag="008">
			<subfield code="">1933</subfield>
		</datafield>
		<datafield n="5" tag="245">
			<subfield code="a">بعلبك :</subfield>
			<subfield code="b">جريدة سياسية جامعة.</subfield>
		</datafield>
		<datafield n="6" tag="246">
			<subfield code="a">Ba‘labakk :</subfield>
		</datafield>
		<datafield n="7" tag="222">
			<subfield code="a">بعلبك</subfield>
		</datafield>
		<datafield n="8" tag="260">
			<subfield code="a"/>
			<subfield code="b"/>
			<subfield code="c"/>
		</datafield>
		<datafield n="9" tag="264">
			<subfield code="a">بعلبك :</subfield>
			<subfield code="b">[يوسف الغندور المعلوف]،</subfield>
			<subfield code="c">1928-1933.</subfield>
		</datafield>
		<datafield n="10" tag="300">
			<subfield code="">"مجلدات : مصورات ؛ 40 سم"</subfield>
		</datafield>
		<datafield n="11" tag="310">
			<subfield code=""/>
		</datafield>
		<datafield n="12" tag="911">
			<subfield code="">CEASE</subfield>
		</datafield>
		<datafield n="13" tag="530">
			<subfield code="">متوفر أيضاً على ميكروفيلم Mic-NA:000051.</subfield>
		</datafield>
		<datafield n="14" tag="590">
			<subfield code=""/>
		</datafield>
		<datafield n="15" tag="866">
			<subfield code="">"في المكتبة: مج.1:ع.1-49(1927:آذار-1928:شباط)؛ مج.3:ع.1(1929:شباط)؛ مج.4:ع.1(1930:آذار)"</subfield>
		</datafield>
		<datafield n="16" tag="362">
			<subfield code=""/>
		</datafield>
	</record>