
	<record type="Bibliographic">
		<datafield n="1" tag="">
			<subfield code="">b12829778</subfield>
		</datafield>
		<datafield n="2" tag="">
			<subfield code="">s  </subfield>
		</datafield>
		<datafield n="3" tag="008">
			<subfield code="">1881</subfield>
		</datafield>
		<datafield n="4" tag="008">
			<subfield code="">1911</subfield>
		</datafield>
		<datafield n="5" tag="245">
			<subfield code="a">ترجمة التقرير المرفوع من القومسيون الى أعتاب الخديوية عن حساب إيرادات ومصروفات سنة ... /</subfield>
			<subfield code="b"/>
		</datafield>
		<datafield n="6" tag="246">
			<subfield code="a">"Tarjamt al-taqrīr al-marfū‘ min al-Qūmisyūn ilá a‘tāb al-khidīwīyah ‘an ḥiṣāb irādāt wa-maṣrūfāt sanat ...$""ترجمة التقرير المقدم من القومسيون للأعتاب الخديوية مع حساب العمومي عن إيرادات ومصروفات سنة ...""$""ترجمة التقرير المرفوع من القومسيون الى أعتاب الخديوية"""</subfield>
		</datafield>
		<datafield n="7" tag="222">
			<subfield code="a">ترجمة التقرير المرفوع من القومسيون الى أعتاب الخديوية عن حساب إيرادات ومصروفات سنة ...</subfield>
		</datafield>
		<datafield n="8" tag="260">
			<subfield code="a"/>
			<subfield code="b"/>
			<subfield code="c"/>
		</datafield>
		<datafield n="9" tag="264">
			<subfield code="a">القاهرة :</subfield>
			<subfield code="b">مصلحة الأراضي الأميرية،</subfield>
			<subfield code="c">[1881-1911]</subfield>
		</datafield>
		<datafield n="10" tag="300">
			<subfield code="">"مجلدات ؛ 32 سم"</subfield>
		</datafield>
		<datafield n="11" tag="310">
			<subfield code=""/>
		</datafield>
		<datafield n="12" tag="911">
			<subfield code="">CEASE</subfield>
		</datafield>
		<datafield n="13" tag="530">
			<subfield code=""/>
		</datafield>
		<datafield n="14" tag="590">
			<subfield code=""/>
		</datafield>
		<datafield n="15" tag="866">
			<subfield code="">في المكتبة : 1881 - 1910/1911.</subfield>
		</datafield>
		<datafield n="16" tag="362">
			<subfield code="">1881</subfield>
		</datafield>
	</record>