
	<record type="Bibliographic">
		<datafield n="1" tag="">
			<subfield code="">b12829535</subfield>
		</datafield>
		<datafield n="2" tag="">
			<subfield code="">s  </subfield>
		</datafield>
		<datafield n="3" tag="008">
			<subfield code="">1927</subfield>
		</datafield>
		<datafield n="4" tag="008">
			<subfield code="">1956</subfield>
		</datafield>
		<datafield n="5" tag="245">
			<subfield code="a">تقرير عن أعمال اللجان الدائمة في إجتماعات مجلس النواب /</subfield>
			<subfield code="b"/>
		</datafield>
		<datafield n="6" tag="246">
			<subfield code="a">"Taqrīr an amāl al-lijān al-Dāimah fī ijtimāat Majlis al-Nuwāb$""تقرير مدير مجلس النواب العام عن أعمال اللجان الدائمة خلال الإجتماع الإعتيادي وغير الإعتيادي لسنة ...""$""تقرير المدير العام عن أعمال اللجان الدائمة خلال الإجتماع الإعتيادي وغير الإعتيادي لسنة ...""$""تقرير سكرتير المجلس عن أعمال اللجان الدائمة خلال الإجتماع غير الإعتيادي والإجتماع الإعتيادي لسنة ...""$""تقرير سكرتير المجلس عن أعمال اللجان الدائمة للمدة  من ... الى ... """</subfield>
		</datafield>
		<datafield n="7" tag="222">
			<subfield code="a">تقرير عن أعمال اللجان الدائمة في إجتماعات مجلس النواب</subfield>
		</datafield>
		<datafield n="8" tag="260">
			<subfield code="a"/>
			<subfield code="b"/>
			<subfield code="c"/>
		</datafield>
		<datafield n="9" tag="264">
			<subfield code="a">بغداد :</subfield>
			<subfield code="b">مجلس النواب،</subfield>
			<subfield code="c">[1927-1956]</subfield>
		</datafield>
		<datafield n="10" tag="300">
			<subfield code="">"مجلدات ؛ 35 سم"</subfield>
		</datafield>
		<datafield n="11" tag="310">
			<subfield code=""/>
		</datafield>
		<datafield n="12" tag="911">
			<subfield code="">CEASE</subfield>
		</datafield>
		<datafield n="13" tag="530">
			<subfield code=""/>
		</datafield>
		<datafield n="14" tag="590">
			<subfield code=""/>
		</datafield>
		<datafield n="15" tag="866">
			<subfield code="">في المكتبة:1927 - 1928، 1930 - 1931، 1940 - 1945، 1947 - 1956.</subfield>
		</datafield>
		<datafield n="16" tag="362">
			<subfield code=""/>
		</datafield>
	</record>