
	<record type="Bibliographic">
		<datafield n="1" tag="">
			<subfield code="">b12829882</subfield>
		</datafield>
		<datafield n="2" tag="">
			<subfield code="">s  </subfield>
		</datafield>
		<datafield n="3" tag="008">
			<subfield code="">1923</subfield>
		</datafield>
		<datafield n="4" tag="008">
			<subfield code="">1957</subfield>
		</datafield>
		<datafield n="5" tag="245">
			<subfield code="a">تقرير لجنة الشؤون المالية عن لائحة قانون الميزانية العامة لسنة ... المالية /</subfield>
			<subfield code="b"/>
		</datafield>
		<datafield n="6" tag="246">
			<subfield code="a">Taqrīr Lajnat al-Shuūn al-Mālīyah an lāiḥat qānūn al-mīzānīyah al-āmmah li-sanah ... al-mālīyah</subfield>
		</datafield>
		<datafield n="7" tag="222">
			<subfield code="a">تقرير لجنة الشؤون المالية عن لائحة قانون الميزانية العامة لسنة ... المالية</subfield>
		</datafield>
		<datafield n="8" tag="260">
			<subfield code="a"/>
			<subfield code="b"/>
			<subfield code="c"/>
		</datafield>
		<datafield n="9" tag="264">
			<subfield code="a">بغداد :</subfield>
			<subfield code="b">مجلس النواب، لجنة الشؤون المالية،</subfield>
			<subfield code="c">[1923-1957]</subfield>
		</datafield>
		<datafield n="10" tag="300">
			<subfield code="">"3 مجلدات ؛ 35 سم"</subfield>
		</datafield>
		<datafield n="11" tag="310">
			<subfield code=""/>
		</datafield>
		<datafield n="12" tag="911">
			<subfield code="">CEASE</subfield>
		</datafield>
		<datafield n="13" tag="530">
			<subfield code=""/>
		</datafield>
		<datafield n="14" tag="590">
			<subfield code=""/>
		</datafield>
		<datafield n="15" tag="866">
			<subfield code="">في المكتبة : 1923/1924، 1951، 1957.</subfield>
		</datafield>
		<datafield n="16" tag="362">
			<subfield code=""/>
		</datafield>
	</record>