
	<record type="Bibliographic">
		<datafield n="1" tag="">
			<subfield code="">b12820040</subfield>
		</datafield>
		<datafield n="2" tag="">
			<subfield code="">s  </subfield>
		</datafield>
		<datafield n="3" tag="008">
			<subfield code="">1878</subfield>
		</datafield>
		<datafield n="4" tag="008">
			<subfield code="">1947</subfield>
		</datafield>
		<datafield n="5" tag="245">
			<subfield code="a">تقويم البشير.</subfield>
			<subfield code="b"/>
		</datafield>
		<datafield n="6" tag="246">
			<subfield code="a">"Taqwīm al-Bashīr$""Almanach bachir"""</subfield>
		</datafield>
		<datafield n="7" tag="222">
			<subfield code="a">تقويم البشير</subfield>
		</datafield>
		<datafield n="8" tag="260">
			<subfield code="a"/>
			<subfield code="b"/>
			<subfield code="c"/>
		</datafield>
		<datafield n="9" tag="264">
			<subfield code="a">بيروت :</subfield>
			<subfield code="b">مطبعة الآباء اليسوعيين،</subfield>
			<subfield code="c">1878-[1947]</subfield>
		</datafield>
		<datafield n="10" tag="300">
			<subfield code="">25 مجلدات : مصورات</subfield>
		</datafield>
		<datafield n="11" tag="310">
			<subfield code="">[سنوية]</subfield>
		</datafield>
		<datafield n="12" tag="911">
			<subfield code="">CEASE</subfield>
		</datafield>
		<datafield n="13" tag="530">
			<subfield code="">متوفر ايضاً على ميكروفليم : Mic-NA:000546.</subfield>
		</datafield>
		<datafield n="14" tag="590">
			<subfield code="">"توجد نسختان من 1930.$""فقدت سنة 1912."""</subfield>
		</datafield>
		<datafield n="15" tag="866">
			<subfield code="">في المكتبة :(1886، 1893، 1901-1902، 1905، 1907-1908، 1912، 1915، 1928-1935، 1938-1943، 1945-1947)</subfield>
		</datafield>
		<datafield n="16" tag="362">
			<subfield code="">صدرت سنة 1878.</subfield>
		</datafield>
	</record>