
	<record type="Bibliographic">
		<datafield n="1" tag="">
			<subfield code="">b13625950</subfield>
		</datafield>
		<datafield n="2" tag="">
			<subfield code="">s  </subfield>
		</datafield>
		<datafield n="3" tag="008">
			<subfield code="">1899</subfield>
		</datafield>
		<datafield n="4" tag="008">
			<subfield code="">1900</subfield>
		</datafield>
		<datafield n="5" tag="245">
			<subfield code="a">ثمرات الأذهان :</subfield>
			<subfield code="b">جريدة علمية فكاهية.</subfield>
		</datafield>
		<datafield n="6" tag="246">
			<subfield code="a">"جريدة علمية فكاهية$""Thamarāt al-adhhān :"""</subfield>
		</datafield>
		<datafield n="7" tag="222">
			<subfield code="a">ثمرات الأذهان</subfield>
		</datafield>
		<datafield n="8" tag="260">
			<subfield code="a"/>
			<subfield code="b"/>
			<subfield code="c"/>
		</datafield>
		<datafield n="9" tag="264">
			<subfield code="a">بيروت :</subfield>
			<subfield code="b">[المدرسة الكلية السورية الإنجيلية]،</subfield>
			<subfield code="c">1899-1900.</subfield>
		</datafield>
		<datafield n="10" tag="300">
			<subfield code="">مجلدات</subfield>
		</datafield>
		<datafield n="11" tag="310">
			<subfield code="">مرتين بالشهر.</subfield>
		</datafield>
		<datafield n="12" tag="911">
			<subfield code="">CEASE</subfield>
		</datafield>
		<datafield n="13" tag="530">
			<subfield code="">متوفر ايضاً على ميكروفيلم Mic-NA:000503.</subfield>
		</datafield>
		<datafield n="14" tag="590">
			<subfield code="">"الاجزاء تحفظ في دائرة الارشيف والمجموعات الخاصة.$""The volume is available in AUB Archives/AA.4.2.1Student/Student Manuscript Magazines Box 2."""</subfield>
		</datafield>
		<datafield n="15" tag="866">
			<subfield code="">في المكتبة:ع.1-12(1899:تشرين الثاني-1900:أيار)</subfield>
		</datafield>
		<datafield n="16" tag="362">
			<subfield code=""/>
		</datafield>
	</record>