
	<record type="Bibliographic">
		<datafield n="1" tag="">
			<subfield code="">b12820957</subfield>
		</datafield>
		<datafield n="2" tag="">
			<subfield code="">1  </subfield>
		</datafield>
		<datafield n="3" tag="008">
			<subfield code="">1875</subfield>
		</datafield>
		<datafield n="4" tag="008">
			<subfield code="">1908</subfield>
		</datafield>
		<datafield n="5" tag="245">
			<subfield code="a">ثمرات الفنون /</subfield>
			<subfield code="b"/>
		</datafield>
		<datafield n="6" tag="246">
			<subfield code="a">Thamarāt al-funūn</subfield>
		</datafield>
		<datafield n="7" tag="222">
			<subfield code="a">ثمرات الفنون</subfield>
		</datafield>
		<datafield n="8" tag="260">
			<subfield code="a"/>
			<subfield code="b"/>
			<subfield code="c"/>
		</datafield>
		<datafield n="9" tag="264">
			<subfield code="a">بيروت :</subfield>
			<subfield code="b">جمعية الفنون،</subfield>
			<subfield code="c">1875-1908.</subfield>
		</datafield>
		<datafield n="10" tag="300">
			<subfield code="">"بكرة ميكروفيلم : سلبي وايجابي ؛ 35 مم"</subfield>
		</datafield>
		<datafield n="11" tag="310">
			<subfield code=""/>
		</datafield>
		<datafield n="12" tag="911">
			<subfield code="">CEASE</subfield>
		</datafield>
		<datafield n="13" tag="530">
			<subfield code=""/>
		</datafield>
		<datafield n="14" tag="590">
			<subfield code="">"نسخة ورقية للفهرس في دائرة المراجع ايضاً واخرى في دائرة الارشيف والمجموعات الخاصة.$""نسخة مصورة على ميكروفيلم. تم التصوير في دائرة المصغرات الفلمية، مكتبة يافث التذكارية."""</subfield>
		</datafield>
		<datafield n="15" tag="866">
			<subfield code="">في المكتبة:1875: نيسان -1908: تشرين الثاني.</subfield>
		</datafield>
		<datafield n="16" tag="362">
			<subfield code=""/>
		</datafield>
	</record>