
	<record type="Bibliographic">
		<datafield n="1" tag="">
			<subfield code="">b12823740</subfield>
		</datafield>
		<datafield n="2" tag="">
			<subfield code="">s  </subfield>
		</datafield>
		<datafield n="3" tag="008">
			<subfield code="">1923</subfield>
		</datafield>
		<datafield n="4" tag="008">
			<subfield code="">1924</subfield>
		</datafield>
		<datafield n="5" tag="245">
			<subfield code="a">جادة الرشاد :</subfield>
			<subfield code="b">مجلة إجتماعية أخلاقية.</subfield>
		</datafield>
		<datafield n="6" tag="246">
			<subfield code="a">Jāddat al-rashād :</subfield>
		</datafield>
		<datafield n="7" tag="222">
			<subfield code="a">جادة الرشاد</subfield>
		</datafield>
		<datafield n="8" tag="260">
			<subfield code="a"/>
			<subfield code="b"/>
			<subfield code="c"/>
		</datafield>
		<datafield n="9" tag="264">
			<subfield code="a">حمص :</subfield>
			<subfield code="b">حنا خباز،</subfield>
			<subfield code="c">1923-1924.</subfield>
		</datafield>
		<datafield n="10" tag="300">
			<subfield code="">"2 مجلد ؛ 23 سم"</subfield>
		</datafield>
		<datafield n="11" tag="310">
			<subfield code="">شهرية.</subfield>
		</datafield>
		<datafield n="12" tag="911">
			<subfield code="">CEASE</subfield>
		</datafield>
		<datafield n="13" tag="530">
			<subfield code=""/>
		</datafield>
		<datafield n="14" tag="590">
			<subfield code="">"ينقص السنة الأولى، النسخة الاولى العدد 7 و السنة الثانية الاعداد 2-4 و7-10.$""في المكتبة: نسخة ثانية من المجلد الاول :الاعداد 1-6،8-10(1923) و المجلد الثاني : الاعداد 1، 6/5 (1924)"""</subfield>
		</datafield>
		<datafield n="15" tag="866">
			<subfield code="">في المكتبة:مج.1-2(1923:كانون الثاني-1924:تشرين الأول)</subfield>
		</datafield>
		<datafield n="16" tag="362">
			<subfield code="">صدر العدد الأول في كانون الثاني 1923.</subfield>
		</datafield>
	</record>