
	<record type="Bibliographic">
		<datafield n="1" tag="">
			<subfield code="">b13144236</subfield>
		</datafield>
		<datafield n="2" tag="">
			<subfield code="">s  </subfield>
		</datafield>
		<datafield n="3" tag="008">
			<subfield code="">1929</subfield>
		</datafield>
		<datafield n="4" tag="008">
			<subfield code="">1936</subfield>
		</datafield>
		<datafield n="5" tag="245">
			<subfield code="a">جوبيتر :</subfield>
			<subfield code="b">مجلة إقتصادية أخلاقية أدبية.</subfield>
		</datafield>
		<datafield n="6" tag="246">
			<subfield code="a">Jūbītir :</subfield>
		</datafield>
		<datafield n="7" tag="222">
			<subfield code="a">جوبيتر</subfield>
		</datafield>
		<datafield n="8" tag="260">
			<subfield code="a"/>
			<subfield code="b"/>
			<subfield code="c"/>
		</datafield>
		<datafield n="9" tag="264">
			<subfield code="a">بعلبك :</subfield>
			<subfield code="b">يوسف فضل الله سلامة،</subfield>
			<subfield code="c">1929-1936.</subfield>
		</datafield>
		<datafield n="10" tag="300">
			<subfield code="">"1 مجلد ؛ 22 سم"</subfield>
		</datafield>
		<datafield n="11" tag="310">
			<subfield code="">شهرية.</subfield>
		</datafield>
		<datafield n="12" tag="911">
			<subfield code="">CEASE</subfield>
		</datafield>
		<datafield n="13" tag="530">
			<subfield code="">متوفر ايضاً على ميكروفيلم : Mic-NA:000288.</subfield>
		</datafield>
		<datafield n="14" tag="590">
			<subfield code=""/>
		</datafield>
		<datafield n="15" tag="866">
			<subfield code="">"في المكتبة: مج.1(1929-1930)؛ مج.2:ع.4، 7، 9(1931:أيار، تموز)؛ مج.3:ع.11/12(1932:أيلول/تشرين الأول)؛ مج.6:ع.1(1935:كانون الثاني)؛ مج.8:ع.5(1937:حزيران)+ملحق العدد 5، 13؛ مج.9:ع.103، 106(1938:كانون الثاني، شباط)؛ مج.10:ع.141(1939:تموز)"</subfield>
		</datafield>
		<datafield n="16" tag="362">
			<subfield code="">صدر العدد الأول تشرين الثاني 1929.</subfield>
		</datafield>
	</record>