
	<record type="Bibliographic">
		<datafield n="1" tag="">
			<subfield code="">b1282432x</subfield>
		</datafield>
		<datafield n="2" tag="">
			<subfield code="">s  </subfield>
		</datafield>
		<datafield n="3" tag="008">
			<subfield code="">1891</subfield>
		</datafield>
		<datafield n="4" tag="008">
			<subfield code="">893u</subfield>
		</datafield>
		<datafield n="5" tag="245">
			<subfield code="a">خزينة فنون.</subfield>
			<subfield code="b"/>
		</datafield>
		<datafield n="6" tag="246">
			<subfield code="a">"Ghazīnat al-funūn$""خزينة فنون :""$""خزينة فنون :"""</subfield>
		</datafield>
		<datafield n="7" tag="222">
			<subfield code="a">خزينة فنون</subfield>
		</datafield>
		<datafield n="8" tag="260">
			<subfield code="a"/>
			<subfield code="b"/>
			<subfield code="c"/>
		</datafield>
		<datafield n="9" tag="264">
			<subfield code="a">استانبول :</subfield>
			<subfield code="b">[جورج جراحيان]،</subfield>
			<subfield code="c">1891-1893.</subfield>
		</datafield>
		<datafield n="10" tag="300">
			<subfield code="">"2 مجلد ؛ 28 سم"</subfield>
		</datafield>
		<datafield n="11" tag="310">
			<subfield code=""/>
		</datafield>
		<datafield n="12" tag="911">
			<subfield code="">CEASE</subfield>
		</datafield>
		<datafield n="13" tag="530">
			<subfield code=""/>
		</datafield>
		<datafield n="14" tag="590">
			<subfield code="">تحفظ المجموعة في دائرة الارشيف والمجموعات الخاصة</subfield>
		</datafield>
		<datafield n="15" tag="866">
			<subfield code="">في المكتبة:س.1:ع.1-س.2:ع.52(1891-1893)</subfield>
		</datafield>
		<datafield n="16" tag="362">
			<subfield code=""/>
		</datafield>
	</record>