
	<record type="Bibliographic">
		<datafield n="1" tag="">
			<subfield code="">b12766951</subfield>
		</datafield>
		<datafield n="2" tag="">
			<subfield code="">s  </subfield>
		</datafield>
		<datafield n="3" tag="008">
			<subfield code="">1888</subfield>
		</datafield>
		<datafield n="4" tag="008">
			<subfield code="">1889</subfield>
		</datafield>
		<datafield n="5" tag="245">
			<subfield code="a">دليل بيروت.</subfield>
			<subfield code="b"/>
		</datafield>
		<datafield n="6" tag="246">
			<subfield code="a">"Dalīl Bayrūt li-‘ām ...$""دليل بيروت لعام... ""$""الجامعة"""</subfield>
		</datafield>
		<datafield n="7" tag="222">
			<subfield code="a">دليل بيروت</subfield>
		</datafield>
		<datafield n="8" tag="260">
			<subfield code="a"/>
			<subfield code="b"/>
			<subfield code="c"/>
		</datafield>
		<datafield n="9" tag="264">
			<subfield code="a">بيروت :</subfield>
			<subfield code="b">أمين الخوري،</subfield>
			<subfield code="c">[1888-1889]</subfield>
		</datafield>
		<datafield n="10" tag="300">
			<subfield code="">"1 مجلد ؛ 23 سم"</subfield>
		</datafield>
		<datafield n="11" tag="310">
			<subfield code=""/>
		</datafield>
		<datafield n="12" tag="911">
			<subfield code="">CEASE</subfield>
		</datafield>
		<datafield n="13" tag="530">
			<subfield code=""/>
		</datafield>
		<datafield n="14" tag="590">
			<subfield code="">تحفظ في دائرة الارشيف والمجموعات الخاصة</subfield>
		</datafield>
		<datafield n="15" tag="866">
			<subfield code="">في المكتبة:1889.</subfield>
		</datafield>
		<datafield n="16" tag="362">
			<subfield code=""/>
		</datafield>
	</record>