
	<record type="Bibliographic">
		<datafield n="1" tag="">
			<subfield code="">b25837060</subfield>
		</datafield>
		<datafield n="2" tag="">
			<subfield code="">s  </subfield>
		</datafield>
		<datafield n="3" tag="008">
			<subfield code="">1919</subfield>
		</datafield>
		<datafield n="4" tag="008">
			<subfield code="">192u</subfield>
		</datafield>
		<datafield n="5" tag="245">
			<subfield code="a">رسالة السلام :</subfield>
			<subfield code="b">مجلة أدبية إنتقادية إجتماعية.</subfield>
		</datafield>
		<datafield n="6" tag="246">
			<subfield code="a">رسالة السلام :</subfield>
		</datafield>
		<datafield n="7" tag="222">
			<subfield code="a">رسالة السلام</subfield>
		</datafield>
		<datafield n="8" tag="260">
			<subfield code="a"/>
			<subfield code="b"/>
			<subfield code="c"/>
		</datafield>
		<datafield n="9" tag="264">
			<subfield code="a">بيروت، لبنان :</subfield>
			<subfield code="b">مطبعة الإقتصاد،</subfield>
			<subfield code="c">1919-[192؟]</subfield>
		</datafield>
		<datafield n="10" tag="300">
			<subfield code="">"أعداد ؛ 23 سم"</subfield>
		</datafield>
		<datafield n="11" tag="310">
			<subfield code=""/>
		</datafield>
		<datafield n="12" tag="911">
			<subfield code="">CEASE</subfield>
		</datafield>
		<datafield n="13" tag="530">
			<subfield code=""/>
		</datafield>
		<datafield n="14" tag="590">
			<subfield code=""/>
		</datafield>
		<datafield n="15" tag="866">
			<subfield code="">"في المكتبة: مج.8:ع.11(1926:كانون الأول)؛ مج.10:ع.1، 2، 6، 10(1928:كانون الثاني، شباط، حزيران، تشرين الثاني)؛ مج.11:ع.4، 6، 8، 9(1929:نيسان، حزيران، آب، تشرين الأول)"</subfield>
		</datafield>
		<datafield n="16" tag="362">
			<subfield code=""/>
		</datafield>
	</record>