
	<record type="Bibliographic">
		<datafield n="1" tag="">
			<subfield code="">b12821317</subfield>
		</datafield>
		<datafield n="2" tag="">
			<subfield code="">1  </subfield>
		</datafield>
		<datafield n="3" tag="008">
			<subfield code="">1925</subfield>
		</datafield>
		<datafield n="4" tag="008">
			<subfield code="">9999</subfield>
		</datafield>
		<datafield n="5" tag="245">
			<subfield code="a">روز اليوسف :</subfield>
			<subfield code="b">صحيفة أسبوعية أدبية مصورة /</subfield>
		</datafield>
		<datafield n="6" tag="246">
			<subfield code="a">"روز اليوسف :$""Rūz al-Yūsuf :"""</subfield>
		</datafield>
		<datafield n="7" tag="222">
			<subfield code="a">روز اليوسف</subfield>
		</datafield>
		<datafield n="8" tag="260">
			<subfield code="a"/>
			<subfield code="b"/>
			<subfield code="c"/>
		</datafield>
		<datafield n="9" tag="264">
			<subfield code="a">القاهرة :</subfield>
			<subfield code="b">[روز اليوسف]،</subfield>
			<subfield code="c">1925-</subfield>
		</datafield>
		<datafield n="10" tag="300">
			<subfield code="">"2 بكرة ميكروفيلم : سلبي وايجابي ؛ 35 مم"</subfield>
		</datafield>
		<datafield n="11" tag="310">
			<subfield code=""/>
		</datafield>
		<datafield n="12" tag="911">
			<subfield code="">CEASE</subfield>
		</datafield>
		<datafield n="13" tag="530">
			<subfield code=""/>
		</datafield>
		<datafield n="14" tag="590">
			<subfield code="">"ينقص المجموعة بعض الاعداد التي يمكن الاطلاع عليها مصورة على الميكروفيلم ما عدا عددي 516، 855 (صودرا)$""المجموعة تنقص بعض الاعداد"""</subfield>
		</datafield>
		<datafield n="15" tag="866">
			<subfield code="">في المكتبة :1925:تشرين اول،26-1952: تشرين اول.</subfield>
		</datafield>
		<datafield n="16" tag="362">
			<subfield code="">صدرت سنة 1925.</subfield>
		</datafield>
	</record>