
	<record type="Bibliographic">
		<datafield n="1" tag="">
			<subfield code="">b18350483</subfield>
		</datafield>
		<datafield n="2" tag="">
			<subfield code="">s  </subfield>
		</datafield>
		<datafield n="3" tag="008">
			<subfield code="">1870</subfield>
		</datafield>
		<datafield n="4" tag="008">
			<subfield code="">1877</subfield>
		</datafield>
		<datafield n="5" tag="245">
			<subfield code="a">روضة المدارس المصرية.</subfield>
			<subfield code="b"/>
		</datafield>
		<datafield n="6" tag="246">
			<subfield code="a">Rawḍat al-madāris al-Miṣrīyah</subfield>
		</datafield>
		<datafield n="7" tag="222">
			<subfield code="a">روضة المدارس المصرية </subfield>
		</datafield>
		<datafield n="8" tag="260">
			<subfield code="a"/>
			<subfield code="b"/>
			<subfield code="c"/>
		</datafield>
		<datafield n="9" tag="264">
			<subfield code="a">القاهرة :</subfield>
			<subfield code="b">مطبعة جرنال وادي النيل،</subfield>
			<subfield code="c">1870-1877.</subfield>
		</datafield>
		<datafield n="10" tag="300">
			<subfield code="">"مجلدات ؛ 24 سم"</subfield>
		</datafield>
		<datafield n="11" tag="310">
			<subfield code="">نصف شهرية.</subfield>
		</datafield>
		<datafield n="12" tag="911">
			<subfield code="">CEASE</subfield>
		</datafield>
		<datafield n="13" tag="530">
			<subfield code=""/>
		</datafield>
		<datafield n="14" tag="590">
			<subfield code=""/>
		</datafield>
		<datafield n="15" tag="866">
			<subfield code="">في المكتبة:مج.1:ع.1 - مج.8:ع.16 (1870 : نيسان - 1877 : ايلول)</subfield>
		</datafield>
		<datafield n="16" tag="362">
			<subfield code="">صدر العدد الاول نيسان 1870(محرم 1287)</subfield>
		</datafield>
	</record>