
	<record type="Bibliographic">
		<datafield n="1" tag="">
			<subfield code="">b23281182</subfield>
		</datafield>
		<datafield n="2" tag="">
			<subfield code="">s  </subfield>
		</datafield>
		<datafield n="3" tag="008">
			<subfield code="">1910</subfield>
		</datafield>
		<datafield n="4" tag="008">
			<subfield code="">9999</subfield>
		</datafield>
		<datafield n="5" tag="245">
			<subfield code="a">زحلة الفتاة :</subfield>
			<subfield code="b">لبنانية سياسية مستقلة.</subfield>
		</datafield>
		<datafield n="6" tag="246">
			<subfield code="a">"Zahleh al-fetat$""Zahle el fatat""$""Journal  Zhale el-fatat  :"""</subfield>
		</datafield>
		<datafield n="7" tag="222">
			<subfield code="a">زحلة الفتاة</subfield>
		</datafield>
		<datafield n="8" tag="260">
			<subfield code="a"/>
			<subfield code="b"/>
			<subfield code="c"/>
		</datafield>
		<datafield n="9" tag="264">
			<subfield code="a">زحلة، لبنان :</subfield>
			<subfield code="b">إبراهيم الراعي،</subfield>
			<subfield code="c">1910-</subfield>
		</datafield>
		<datafield n="10" tag="300">
			<subfield code="">"مجلدات : مصورات ؛ 57 سم"</subfield>
		</datafield>
		<datafield n="11" tag="310">
			<subfield code="">أسبوعية.</subfield>
		</datafield>
		<datafield n="12" tag="911">
			<subfield code="">CEASE</subfield>
		</datafield>
		<datafield n="13" tag="530">
			<subfield code=""/>
		</datafield>
		<datafield n="14" tag="590">
			<subfield code=""/>
		</datafield>
		<datafield n="15" tag="866">
			<subfield code="">"في المكتبة: مج.1:ع.1(1910:كانون الأول-1911:تشرين الثاني)؛ مج.10:ع.66، 70(1920:أيلول)؛ مج.11:ع.48(1921:تموز)؛ مج.16:ع.83، 90، 93(1926:تشرين الثاني، كانون الأول)؛ مج.17:ع.9(1927:كانون الثاني)؛ مج.18:ع.78(1928:تشرين الأول)؛ مج.20:ع.76(1930:أيلول)؛ مج.21:ع.5(1931:كانون الثاني)؛ مج.22:ع.75، 78(1932:تشرين الأول)؛ مج.23:ع.57، 76(1933:أيلول، تشرين الثاني)؛ مج.27:ع.31، 45، 58، 60، 62، 63(1937:أيار، تموز، أيلول، تشرين الأول)؛ مج.37:ع.2922، 2926(1947:آب)؛ مج.49:ع.3495(1959:تشرين الأول)؛ مج.51:ع.3573(1961:نيسان)؛ ع.3827(1966:أيلول)؛ ع.3873(1967:آب)؛ ع.3954(1969:ت"</subfield>
		</datafield>
		<datafield n="16" tag="362">
			<subfield code="">العدد الأول، كانون الأول 1910-</subfield>
		</datafield>
	</record>