
	<record type="Bibliographic">
		<datafield n="1" tag="">
			<subfield code="">b21170927</subfield>
		</datafield>
		<datafield n="2" tag="">
			<subfield code="">s  </subfield>
		</datafield>
		<datafield n="3" tag="008">
			<subfield code="">1898</subfield>
		</datafield>
		<datafield n="4" tag="008">
			<subfield code="">1900</subfield>
		</datafield>
		<datafield n="5" tag="245">
			<subfield code="a">زهرة الكلية :</subfield>
			<subfield code="b">جريدة علمية أدبية فكاهية تصدر مرة كل أسبوعين.</subfield>
		</datafield>
		<datafield n="6" tag="246">
			<subfield code="a">"جريدة علمية أدبية فكاهية تصدر مرة كل أسبوعين.$""Zahrat al-kullīyah’ :"""</subfield>
		</datafield>
		<datafield n="7" tag="222">
			<subfield code="a">زهرة الكلية</subfield>
		</datafield>
		<datafield n="8" tag="260">
			<subfield code="a"/>
			<subfield code="b"/>
			<subfield code="c"/>
		</datafield>
		<datafield n="9" tag="264">
			<subfield code="a">بيروت:</subfield>
			<subfield code="b">[المدرسة الكلية السورية الإنجيلية]،</subfield>
			<subfield code="c">1899-1900</subfield>
		</datafield>
		<datafield n="10" tag="300">
			<subfield code="">أعداد.</subfield>
		</datafield>
		<datafield n="11" tag="310">
			<subfield code="">مرتين بالشهر.</subfield>
		</datafield>
		<datafield n="12" tag="911">
			<subfield code="">CEASE</subfield>
		</datafield>
		<datafield n="13" tag="530">
			<subfield code=""/>
		</datafield>
		<datafield n="14" tag="590">
			<subfield code="">"The volume is available in AUB Archives/AA.4.2.1Student/Student Manuscript Magazines Box 3.$""تحفظ في دائرة الارشيف والمجموعات الخاصة."""</subfield>
		</datafield>
		<datafield n="15" tag="866">
			<subfield code="">في المكتبة : ع. 2،4،5،6،8(1900-1899)</subfield>
		</datafield>
		<datafield n="16" tag="362">
			<subfield code=""/>
		</datafield>
	</record>