
	<record type="Bibliographic">
		<datafield n="1" tag="">
			<subfield code="">b21207732</subfield>
		</datafield>
		<datafield n="2" tag="">
			<subfield code="">s  </subfield>
		</datafield>
		<datafield n="3" tag="008">
			<subfield code="">1906</subfield>
		</datafield>
		<datafield n="4" tag="008">
			<subfield code="">1906</subfield>
		</datafield>
		<datafield n="5" tag="245">
			<subfield code="a">سورية :</subfield>
			<subfield code="b">Syria : a review to be issued at intervals as short as possible = مجلة علمية أدبية اصلاحية تصدر عند الامكان</subfield>
		</datafield>
		<datafield n="6" tag="246">
			<subfield code="a">"مجلة علمية أدبية اصلاحية تصدر عند الامكان$""Syria :""$""Sūrīyah :"""</subfield>
		</datafield>
		<datafield n="7" tag="222">
			<subfield code="a">سورية</subfield>
		</datafield>
		<datafield n="8" tag="260">
			<subfield code="a"/>
			<subfield code="b"/>
			<subfield code="c"/>
		</datafield>
		<datafield n="9" tag="264">
			<subfield code="a">بيروت :</subfield>
			<subfield code="b">الكلية السورية الانجيلية،</subfield>
			<subfield code="c">1906.</subfield>
		</datafield>
		<datafield n="10" tag="300">
			<subfield code="">عددان.</subfield>
		</datafield>
		<datafield n="11" tag="310">
			<subfield code=""/>
		</datafield>
		<datafield n="12" tag="911">
			<subfield code="">CEASE</subfield>
		</datafield>
		<datafield n="13" tag="530">
			<subfield code=""/>
		</datafield>
		<datafield n="14" tag="590">
			<subfield code="">"The volume is available in AUB Archives/AA.4.2.1Student/Student Manuscript Magazines Box 8.$""تحفظ في دائرة الارشيف والمجموعات الخاصة."""</subfield>
		</datafield>
		<datafield n="15" tag="866">
			<subfield code="">في المكتبة : س.1 ع. 2،3(1906)</subfield>
		</datafield>
		<datafield n="16" tag="362">
			<subfield code=""/>
		</datafield>
	</record>