
	<record type="Bibliographic">
		<datafield n="1" tag="">
			<subfield code="">b21175159</subfield>
		</datafield>
		<datafield n="2" tag="">
			<subfield code="">s  </subfield>
		</datafield>
		<datafield n="3" tag="008">
			<subfield code="">1902</subfield>
		</datafield>
		<datafield n="4" tag="008">
			<subfield code="">1902</subfield>
		</datafield>
		<datafield n="5" tag="245">
			<subfield code="a">صدى الاستعدادية :</subfield>
			<subfield code="b">جريدة ادبية تاريخية انتقادية تصدر مرة كل اسبوعين</subfield>
		</datafield>
		<datafield n="6" tag="246">
			<subfield code="a">"جريدة ادبية تاريخية انتقادية تصدر مرة كل اسبوعين$""Ṣadá al-Istiʻdādīyah :"""</subfield>
		</datafield>
		<datafield n="7" tag="222">
			<subfield code="a">صدى الاستعدادية</subfield>
		</datafield>
		<datafield n="8" tag="260">
			<subfield code="a"/>
			<subfield code="b"/>
			<subfield code="c"/>
		</datafield>
		<datafield n="9" tag="264">
			<subfield code="a">بيروت :</subfield>
			<subfield code="b">[المدرسة الكلية السورية الإنجيلية]،</subfield>
			<subfield code="c">1902.</subfield>
		</datafield>
		<datafield n="10" tag="300">
			<subfield code="">6 أعداد.</subfield>
		</datafield>
		<datafield n="11" tag="310">
			<subfield code="">مرتين في الشهر.</subfield>
		</datafield>
		<datafield n="12" tag="911">
			<subfield code="">CEASE</subfield>
		</datafield>
		<datafield n="13" tag="530">
			<subfield code=""/>
		</datafield>
		<datafield n="14" tag="590">
			<subfield code="">"The volume is available in AUB Archives/AA.4.2.1Student/Student Manuscript Magazines Box 5.$""تحفظ في دائرة الارشيف والمجموعات الخاصة."""</subfield>
		</datafield>
		<datafield n="15" tag="866">
			<subfield code="">في المكتبة: ع. 3-8 (1902)</subfield>
		</datafield>
		<datafield n="16" tag="362">
			<subfield code=""/>
		</datafield>
	</record>