
	<record type="Bibliographic">
		<datafield n="1" tag="">
			<subfield code="">b22059118</subfield>
		</datafield>
		<datafield n="2" tag="">
			<subfield code="">s  </subfield>
		</datafield>
		<datafield n="3" tag="008">
			<subfield code="">1925</subfield>
		</datafield>
		<datafield n="4" tag="008">
			<subfield code="">197u</subfield>
		</datafield>
		<datafield n="5" tag="245">
			<subfield code="a">صدى الشمال :</subfield>
			<subfield code="b">أسبوعية سياسية.</subfield>
		</datafield>
		<datafield n="6" tag="246">
			<subfield code="a">Ṣadá al-Shamāl :</subfield>
		</datafield>
		<datafield n="7" tag="222">
			<subfield code="a">صدى الشمال</subfield>
		</datafield>
		<datafield n="8" tag="260">
			<subfield code="a"/>
			<subfield code="b"/>
			<subfield code="c"/>
		</datafield>
		<datafield n="9" tag="264">
			<subfield code="a">زغرتا، لبنان :</subfield>
			<subfield code="b">[فريد انطون]،</subfield>
			<subfield code="c">1925-[19؟7].</subfield>
		</datafield>
		<datafield n="10" tag="300">
			<subfield code="">"مجلدات : مصورات ؛ 44 سم"</subfield>
		</datafield>
		<datafield n="11" tag="310">
			<subfield code=""/>
		</datafield>
		<datafield n="12" tag="911">
			<subfield code="">CEASE</subfield>
		</datafield>
		<datafield n="13" tag="530">
			<subfield code="">متوفر أيضاً على ميكروفيلم رقم Mic-NA:000106.</subfield>
		</datafield>
		<datafield n="14" tag="590">
			<subfield code="">نسخة مصورة على ميكروفيلم. تم التصوير في دائرة المصغرات الفلمية، مكتبة يافث التذكارية.</subfield>
		</datafield>
		<datafield n="15" tag="866">
			<subfield code="">"في المكتبة: ع.441، 464(1931:شباط،أيار)؛ ع.2042(1963:تموز)؛ 1966-1974."</subfield>
		</datafield>
		<datafield n="16" tag="362">
			<subfield code=""/>
		</datafield>
	</record>