
	<record type="Bibliographic">
		<datafield n="1" tag="">
			<subfield code="">b12821238</subfield>
		</datafield>
		<datafield n="2" tag="">
			<subfield code="">1  </subfield>
		</datafield>
		<datafield n="3" tag="008">
			<subfield code="">1924</subfield>
		</datafield>
		<datafield n="4" tag="008">
			<subfield code="">1985</subfield>
		</datafield>
		<datafield n="5" tag="245">
			<subfield code="a">صوت الأحرار :</subfield>
			<subfield code="b">يومية سياسية /</subfield>
		</datafield>
		<datafield n="6" tag="246">
			<subfield code="a">"Ṣawt al-aḥrār :$""الأحرار"""</subfield>
		</datafield>
		<datafield n="7" tag="222">
			<subfield code="a">صوت الأحرار</subfield>
		</datafield>
		<datafield n="8" tag="260">
			<subfield code="a"/>
			<subfield code="b"/>
			<subfield code="c"/>
		</datafield>
		<datafield n="9" tag="264">
			<subfield code="a">بيروت :</subfield>
			<subfield code="b">حزب الوطنيين الاحرار،</subfield>
			<subfield code="c">1924-1985.</subfield>
		</datafield>
		<datafield n="10" tag="300">
			<subfield code="">"بكرة ميكروفيلم : سلبي وايجابي ؛ 35 مم"</subfield>
		</datafield>
		<datafield n="11" tag="310">
			<subfield code=""/>
		</datafield>
		<datafield n="12" tag="911">
			<subfield code="">CEASE</subfield>
		</datafield>
		<datafield n="13" tag="530">
			<subfield code="">متوفر أيضاً بنسخة مطبوعة.</subfield>
		</datafield>
		<datafield n="14" tag="590">
			<subfield code="">نسخة مصورة على ميكروفيلم. تم التصوير في اماكن وتواريخ متعددة.</subfield>
		</datafield>
		<datafield n="15" tag="866">
			<subfield code="">في المكتبة:1929:تموز-1985:تشرين الثاني</subfield>
		</datafield>
		<datafield n="16" tag="362">
			<subfield code=""/>
		</datafield>
	</record>