
	<record type="Bibliographic">
		<datafield n="1" tag="">
			<subfield code="">b21055506</subfield>
		</datafield>
		<datafield n="2" tag="">
			<subfield code="">s  </subfield>
		</datafield>
		<datafield n="3" tag="008">
			<subfield code="">1924</subfield>
		</datafield>
		<datafield n="4" tag="008">
			<subfield code="">1985</subfield>
		</datafield>
		<datafield n="5" tag="245">
			<subfield code="a">صوت الأحرار :</subfield>
			<subfield code="b">يومية سياسية /</subfield>
		</datafield>
		<datafield n="6" tag="246">
			<subfield code="a">"Ṣawt al-aḥrār :$""الأحرار"""</subfield>
		</datafield>
		<datafield n="7" tag="222">
			<subfield code="a">صوت الأحرار</subfield>
		</datafield>
		<datafield n="8" tag="260">
			<subfield code="a"/>
			<subfield code="b"/>
			<subfield code="c"/>
		</datafield>
		<datafield n="9" tag="264">
			<subfield code="a">بيروت :</subfield>
			<subfield code="b">حزب الوطنيين الأحرار،</subfield>
			<subfield code="c">1924-1985.</subfield>
		</datafield>
		<datafield n="10" tag="300">
			<subfield code="">"مجلدات : مصورات ؛ 56 سم"</subfield>
		</datafield>
		<datafield n="11" tag="310">
			<subfield code="">يومية.</subfield>
		</datafield>
		<datafield n="12" tag="911">
			<subfield code="">CEASE</subfield>
		</datafield>
		<datafield n="13" tag="530">
			<subfield code="">متوفر أيضاً على ميكروفليم Mic-NA:000605.</subfield>
		</datafield>
		<datafield n="14" tag="590">
			<subfield code="">نسخة مصورة على ميكروفيلم. تم التصوير في أماكن وتواريخ متعددة.</subfield>
		</datafield>
		<datafield n="15" tag="866">
			<subfield code="">"في المكتبة: 1978:نيسان-أيلول؛ 1979:نيسان-1980:كانون الأول؛ 1981:تشرين الأول-كانون الأول"</subfield>
		</datafield>
		<datafield n="16" tag="362">
			<subfield code=""/>
		</datafield>
	</record>