
	<record type="Bibliographic">
		<datafield n="1" tag="">
			<subfield code="">b12823971</subfield>
		</datafield>
		<datafield n="2" tag="">
			<subfield code="">1  </subfield>
		</datafield>
		<datafield n="3" tag="008">
			<subfield code="">1893</subfield>
		</datafield>
		<datafield n="4" tag="008">
			<subfield code="">1902</subfield>
		</datafield>
		<datafield n="5" tag="245">
			<subfield code="a">طرابلس الشام :</subfield>
			<subfield code="b">جريدة أسبوعية.</subfield>
		</datafield>
		<datafield n="6" tag="246">
			<subfield code="a">Ṭarābulus al-Shām :</subfield>
		</datafield>
		<datafield n="7" tag="222">
			<subfield code="a">طرابلس الشام</subfield>
		</datafield>
		<datafield n="8" tag="260">
			<subfield code="a"/>
			<subfield code="b"/>
			<subfield code="c"/>
		</datafield>
		<datafield n="9" tag="264">
			<subfield code="a">طرابلس :</subfield>
			<subfield code="b">[محمد كامل البحيري]،</subfield>
			<subfield code="c">1893-1902.</subfield>
		</datafield>
		<datafield n="10" tag="300">
			<subfield code="">"بكرة ميكروفيلم : سلبي وايجابي ؛ 35 مم"</subfield>
		</datafield>
		<datafield n="11" tag="310">
			<subfield code=""/>
		</datafield>
		<datafield n="12" tag="911">
			<subfield code="">CEASE</subfield>
		</datafield>
		<datafield n="13" tag="530">
			<subfield code=""/>
		</datafield>
		<datafield n="14" tag="590">
			<subfield code="">نسخة مصورة على ميكروفيلم. تم التصوير في دائرة المصغرات الفلمية، مكتبة يافث التذكارية، 1986.</subfield>
		</datafield>
		<datafield n="15" tag="866">
			<subfield code="">في المكتبة : 1893-1901.</subfield>
		</datafield>
		<datafield n="16" tag="362">
			<subfield code=""/>
		</datafield>
	</record>