
	<record type="Bibliographic">
		<datafield n="1" tag="">
			<subfield code="">b13710990</subfield>
		</datafield>
		<datafield n="2" tag="">
			<subfield code="">1  </subfield>
		</datafield>
		<datafield n="3" tag="008">
			<subfield code="">1899</subfield>
		</datafield>
		<datafield n="4" tag="008">
			<subfield code="">1900</subfield>
		</datafield>
		<datafield n="5" tag="245">
			<subfield code="a">غادة الفكر :</subfield>
			<subfield code="b">جريدة علمية أدبية فكاهية /</subfield>
		</datafield>
		<datafield n="6" tag="246">
			<subfield code="a">"جريدة علمية أدبية فكاهية$""Ghādat al-fikr :"""</subfield>
		</datafield>
		<datafield n="7" tag="222">
			<subfield code="a">غادة الفكر</subfield>
		</datafield>
		<datafield n="8" tag="260">
			<subfield code="a"/>
			<subfield code="b"/>
			<subfield code="c"/>
		</datafield>
		<datafield n="9" tag="264">
			<subfield code="a">بيروت :</subfield>
			<subfield code="b">الجامعة الاميركية في بيروت، القسم الإستعدادي،</subfield>
			<subfield code="c">1899-1900.</subfield>
		</datafield>
		<datafield n="10" tag="300">
			<subfield code="">"1بكرة ميكرفيلم : سلبي وايجابي ؛ 35 مم"</subfield>
		</datafield>
		<datafield n="11" tag="310">
			<subfield code=""/>
		</datafield>
		<datafield n="12" tag="911">
			<subfield code="">CEASE</subfield>
		</datafield>
		<datafield n="13" tag="530">
			<subfield code="">متوفر ايضاً : نسخة مطبوعة.</subfield>
		</datafield>
		<datafield n="14" tag="590">
			<subfield code=""/>
		</datafield>
		<datafield n="15" tag="866">
			<subfield code="">في المكتبة : س.1 : ع.1 - 11 (1899 - 1900)</subfield>
		</datafield>
		<datafield n="16" tag="362">
			<subfield code=""/>
		</datafield>
	</record>