
	<record type="Bibliographic">
		<datafield n="1" tag="">
			<subfield code="">b12818331</subfield>
		</datafield>
		<datafield n="2" tag="">
			<subfield code="">s  </subfield>
		</datafield>
		<datafield n="3" tag="008">
			<subfield code="">1906</subfield>
		</datafield>
		<datafield n="4" tag="008">
			<subfield code="">1939</subfield>
		</datafield>
		<datafield n="5" tag="245">
			<subfield code="a">فتاة الشرق :</subfield>
			<subfield code="b">مجلة أدبية تاريخية روائية.</subfield>
		</datafield>
		<datafield n="6" tag="246">
			<subfield code="a">Fatāt al-Sharq :</subfield>
		</datafield>
		<datafield n="7" tag="222">
			<subfield code="a">فتاة الشرق</subfield>
		</datafield>
		<datafield n="8" tag="260">
			<subfield code="a"/>
			<subfield code="b"/>
			<subfield code="c"/>
		</datafield>
		<datafield n="9" tag="264">
			<subfield code="a">مصر :</subfield>
			<subfield code="b">لبيبة هاشم،</subfield>
			<subfield code="c">1906-1939.</subfield>
		</datafield>
		<datafield n="10" tag="300">
			<subfield code="">مجلدات : مصورات</subfield>
		</datafield>
		<datafield n="11" tag="310">
			<subfield code="">شهرية.</subfield>
		</datafield>
		<datafield n="12" tag="911">
			<subfield code="">CEASE</subfield>
		</datafield>
		<datafield n="13" tag="530">
			<subfield code="">ايضاً نسخة مصورة على ميكروفيلم رقم: Mic-NA:000437</subfield>
		</datafield>
		<datafield n="14" tag="590">
			<subfield code="">تحفظ الاعداد في دائرة الارشيف والمجموعات الخاصة.</subfield>
		</datafield>
		<datafield n="15" tag="866">
			<subfield code="">"في المكتبة :ج1-7(1906-1913)؛ مج.8:ع:1، 9(1913:تشرين الأول، 1914:حزيران)؛ مج.18:ع.1-3، 5، 8-10(1923:تشرين الأول-كانون الأول، 1924:شباط، حزيران/تموز)؛ مج.22:ع.2، 9(1927:تشرين الثاني، 1928:حزيران)؛ مج.26:ع.7(1932:نيسان)؛ مج.27:ع.7، 9(1933:نيسان، حزيران)؛ مج.28:ع.10(1934:تموز)؛ مج.30:ع.8(1939:أيار)؛ مج.32:ع.3(1937:كانون الأول)"</subfield>
		</datafield>
		<datafield n="16" tag="362">
			<subfield code="">صدرت العدد الاول السنة الاولى عام 1906.</subfield>
		</datafield>
	</record>