
	<record type="Bibliographic">
		<datafield n="1" tag="">
			<subfield code="">b13157905</subfield>
		</datafield>
		<datafield n="2" tag="">
			<subfield code="">1  </subfield>
		</datafield>
		<datafield n="3" tag="008">
			<subfield code="">1906</subfield>
		</datafield>
		<datafield n="4" tag="008">
			<subfield code="">1939</subfield>
		</datafield>
		<datafield n="5" tag="245">
			<subfield code="a">فتاة الشرق :</subfield>
			<subfield code="b">مجلة ادبية تاريخية روائية.</subfield>
		</datafield>
		<datafield n="6" tag="246">
			<subfield code="a">Fatāt al-Sharq :</subfield>
		</datafield>
		<datafield n="7" tag="222">
			<subfield code="a">فتاة الشرق</subfield>
		</datafield>
		<datafield n="8" tag="260">
			<subfield code="a"/>
			<subfield code="b"/>
			<subfield code="c"/>
		</datafield>
		<datafield n="9" tag="264">
			<subfield code="a">مصر :</subfield>
			<subfield code="b">لبيبة هاشم،</subfield>
			<subfield code="c">1906-1939.</subfield>
		</datafield>
		<datafield n="10" tag="300">
			<subfield code="">"7 بكرة ميكروفيلم : سلبي وايجابي ؛ 35 مم"</subfield>
		</datafield>
		<datafield n="11" tag="310">
			<subfield code="">شهرية.</subfield>
		</datafield>
		<datafield n="12" tag="911">
			<subfield code="">CEASE</subfield>
		</datafield>
		<datafield n="13" tag="530">
			<subfield code="">متوفر ايضاً على نسخة مطبوعة.</subfield>
		</datafield>
		<datafield n="14" tag="590">
			<subfield code="">"تحفظ الاعداد في دائرة الارشيف والمجموعات الخاصة.$""نسخة مصورة على ميكروفيلم. تم التصوير في دائرة المصغرات الفلمية، مكتبة يافث التذكارية، 2000"""</subfield>
		</datafield>
		<datafield n="15" tag="866">
			<subfield code="">في المكتبة :ج 1-7(1906-1913)</subfield>
		</datafield>
		<datafield n="16" tag="362">
			<subfield code="">صدرت العدد الاول السنة الاولى عام 1906.</subfield>
		</datafield>
	</record>