
	<record type="Bibliographic">
		<datafield n="1" tag="">
			<subfield code="">b12826650</subfield>
		</datafield>
		<datafield n="2" tag="">
			<subfield code="">s  </subfield>
		</datafield>
		<datafield n="3" tag="008">
			<subfield code="">1921</subfield>
		</datafield>
		<datafield n="4" tag="008">
			<subfield code="">1923</subfield>
		</datafield>
		<datafield n="5" tag="245">
			<subfield code="a">فتى الأرز.</subfield>
			<subfield code="b"/>
		</datafield>
		<datafield n="6" tag="246">
			<subfield code="a">"Fatá al-arz$""Fatal-Arz"""</subfield>
		</datafield>
		<datafield n="7" tag="222">
			<subfield code="a">فتى الأرز</subfield>
		</datafield>
		<datafield n="8" tag="260">
			<subfield code="a"/>
			<subfield code="b"/>
			<subfield code="c"/>
		</datafield>
		<datafield n="9" tag="264">
			<subfield code="a">بيروت :</subfield>
			<subfield code="b">إلياس أسعد نعيم،</subfield>
			<subfield code="c">1921-1923.</subfield>
		</datafield>
		<datafield n="10" tag="300">
			<subfield code="">"مجلد : مصورات ؛ 37 سم"</subfield>
		</datafield>
		<datafield n="11" tag="310">
			<subfield code="">اسبوعية.</subfield>
		</datafield>
		<datafield n="12" tag="911">
			<subfield code="">CEASE</subfield>
		</datafield>
		<datafield n="13" tag="530">
			<subfield code="">متوفر ايضاً على ميكروفيلم : Mic-NA:000398</subfield>
		</datafield>
		<datafield n="14" tag="590">
			<subfield code="">تنقص الاعداد 2 و7 من السنة الاولى و21، 23 حتى آخر المجلد من السنة الثانية</subfield>
		</datafield>
		<datafield n="15" tag="866">
			<subfield code="">في المكتبة :مج.1-2(1921-1923)</subfield>
		</datafield>
		<datafield n="16" tag="362">
			<subfield code="">صدر العدد الاول 6 آب 1921.</subfield>
		</datafield>
	</record>