
	<record type="Bibliographic">
		<datafield n="1" tag="">
			<subfield code="">b12824033</subfield>
		</datafield>
		<datafield n="2" tag="">
			<subfield code="">1  </subfield>
		</datafield>
		<datafield n="3" tag="008">
			<subfield code="">1911</subfield>
		</datafield>
		<datafield n="4" tag="008">
			<subfield code="">1967</subfield>
		</datafield>
		<datafield n="5" tag="245">
			<subfield code="a">فلسطين :</subfield>
			<subfield code="b">جريدة يومية سياسية أدبية إخبارية مصورة</subfield>
		</datafield>
		<datafield n="6" tag="246">
			<subfield code="a">"Filasṭīn :$""La Palestine"""</subfield>
		</datafield>
		<datafield n="7" tag="222">
			<subfield code="a">فلسطين</subfield>
		</datafield>
		<datafield n="8" tag="260">
			<subfield code="a"/>
			<subfield code="b"/>
			<subfield code="c"/>
		</datafield>
		<datafield n="9" tag="264">
			<subfield code="a">يافا :</subfield>
			<subfield code="b">[عيسى داود العيسى]،</subfield>
			<subfield code="c">1910-1967.</subfield>
		</datafield>
		<datafield n="10" tag="300">
			<subfield code="">"29 بكرة ميكروفيلم : سلبي وايجابي ؛ 35 مم"</subfield>
		</datafield>
		<datafield n="11" tag="310">
			<subfield code=""/>
		</datafield>
		<datafield n="12" tag="911">
			<subfield code="">CEASE</subfield>
		</datafield>
		<datafield n="13" tag="530">
			<subfield code="">متوفر أيضاً بنسخة ورقية.</subfield>
		</datafield>
		<datafield n="14" tag="590">
			<subfield code="">نسخة مصورة على ميكروفيلم. تم التصوير في مكتبة الجامعة العبرية.</subfield>
		</datafield>
		<datafield n="15" tag="866">
			<subfield code="">في المكتبة : 1911:تموز-1967:آذار.</subfield>
		</datafield>
		<datafield n="16" tag="362">
			<subfield code=""/>
		</datafield>
	</record>