
	<record type="Bibliographic">
		<datafield n="1" tag="">
			<subfield code="">b12829845</subfield>
		</datafield>
		<datafield n="2" tag="">
			<subfield code="">s  </subfield>
		</datafield>
		<datafield n="3" tag="008">
			<subfield code="">1921</subfield>
		</datafield>
		<datafield n="4" tag="008">
			<subfield code="">1974</subfield>
		</datafield>
		<datafield n="5" tag="245">
			<subfield code="a">قانون ميزانية الجمهورية العراقية للسنة ... المالية /</subfield>
			<subfield code="b"/>
		</datafield>
		<datafield n="6" tag="246">
			<subfield code="a">"Qānūn mīzānīyat al-Jumhūrīyah al-Irāqīyah lil-sanah ... al-mālīyah$""ميزانية الدولة العراقية لسنة ... المالية""$""ميزانية الجمهورية العراقية في سطور""$""ميزانية الحكومة العراقية للسنة ... المالية""$""الميزلنية العامة لسنة ...""$""الميزانية العمومية لسنة ...""$""قانون الميزانية العمومية لسنة ...""$""لائحة ميزانية الدولة العراقية للسنة ... المالية"""</subfield>
		</datafield>
		<datafield n="7" tag="222">
			<subfield code="a">قانون ميزانية الجمهورية العراقية للسنة ... المالية</subfield>
		</datafield>
		<datafield n="8" tag="260">
			<subfield code="a"/>
			<subfield code="b"/>
			<subfield code="c"/>
		</datafield>
		<datafield n="9" tag="264">
			<subfield code="a">بغداد، العراق :</subfield>
			<subfield code="b">وزارة المالية، مديرية الميزانية العامة،</subfield>
			<subfield code="c">[1921-1974]</subfield>
		</datafield>
		<datafield n="10" tag="300">
			<subfield code="">مجلدات</subfield>
		</datafield>
		<datafield n="11" tag="310">
			<subfield code=""/>
		</datafield>
		<datafield n="12" tag="911">
			<subfield code="">CEASE</subfield>
		</datafield>
		<datafield n="13" tag="530">
			<subfield code=""/>
		</datafield>
		<datafield n="14" tag="590">
			<subfield code=""/>
		</datafield>
		<datafield n="15" tag="866">
			<subfield code="">في المكتبة:1921 - 1945، 1947 - 1950، 1952، 1954 - 1957، 1959 - 1969، 1971 - 1974.</subfield>
		</datafield>
		<datafield n="16" tag="362">
			<subfield code=""/>
		</datafield>
	</record>