
	<record type="Bibliographic">
		<datafield n="1" tag="">
			<subfield code="">b12829912</subfield>
		</datafield>
		<datafield n="2" tag="">
			<subfield code="">s  </subfield>
		</datafield>
		<datafield n="3" tag="008">
			<subfield code="">1923</subfield>
		</datafield>
		<datafield n="4" tag="008">
			<subfield code="">1995</subfield>
		</datafield>
		<datafield n="5" tag="245">
			<subfield code="a">قطع حساب الموازنة العامة والموازنات الملحقة /</subfield>
			<subfield code="b"/>
		</datafield>
		<datafield n="6" tag="246">
			<subfield code="a">"Qaṭ‘ ḥisāb al-muwāzanah al-‘āmmah wa-al-muwāzanāt al-mulḥaqah$""إيرادات ومصروفات الميزانية :"""</subfield>
		</datafield>
		<datafield n="7" tag="222">
			<subfield code="a">قطع حساب الموازنة العامة والموازنات الملحقة</subfield>
		</datafield>
		<datafield n="8" tag="260">
			<subfield code="a"/>
			<subfield code="b"/>
			<subfield code="c"/>
		</datafield>
		<datafield n="9" tag="264">
			<subfield code="a">لبنان :</subfield>
			<subfield code="b">وزارة المالية،</subfield>
			<subfield code="c">1923-[1995]</subfield>
		</datafield>
		<datafield n="10" tag="300">
			<subfield code="">مجلدات</subfield>
		</datafield>
		<datafield n="11" tag="310">
			<subfield code="">سنوية.</subfield>
		</datafield>
		<datafield n="12" tag="911">
			<subfield code="">CEASE</subfield>
		</datafield>
		<datafield n="13" tag="530">
			<subfield code="">متوفر ايضاً على ميكروفيلم : Mic-NA:000481</subfield>
		</datafield>
		<datafield n="14" tag="590">
			<subfield code=""/>
		</datafield>
		<datafield n="15" tag="866">
			<subfield code="">في المكتبة:1923و1925-1928و1933-1936و 1946، 1951-1970، 1972-1977، 1979، 1993، 1995-</subfield>
		</datafield>
		<datafield n="16" tag="362">
			<subfield code=""/>
		</datafield>
	</record>