
	<record type="Bibliographic">
		<datafield n="1" tag="">
			<subfield code="">b13874196</subfield>
		</datafield>
		<datafield n="2" tag="">
			<subfield code="">s  </subfield>
		</datafield>
		<datafield n="3" tag="008">
			<subfield code="">1871</subfield>
		</datafield>
		<datafield n="4" tag="008">
			<subfield code="">1924</subfield>
		</datafield>
		<datafield n="5" tag="245">
			<subfield code="a">كتاب المدرسة الكلية السورية الإنجيلية السنوي /</subfield>
			<subfield code="b"/>
		</datafield>
		<datafield n="6" tag="246">
			<subfield code="a">"Kitāb al-Madrasah al-Kullīyah al-Sūrīyah al-Injīlīyah al-sanawī$""اللائحة السنوية للجامعة الأميركانية في بيروت""$""الكتاب السنوي (المدرسة الكلية السورية الإنجيلية)"""</subfield>
		</datafield>
		<datafield n="7" tag="222">
			<subfield code="a">كتاب المدرسة الكلية السورية الإنجيلية السنوي</subfield>
		</datafield>
		<datafield n="8" tag="260">
			<subfield code="a"/>
			<subfield code="b"/>
			<subfield code="c"/>
		</datafield>
		<datafield n="9" tag="264">
			<subfield code="a">بيروت :</subfield>
			<subfield code="b">المدرسة الكلية السورية الإنجيلية،</subfield>
			<subfield code="c">1871-1924.</subfield>
		</datafield>
		<datafield n="10" tag="300">
			<subfield code="">"مجلدات ؛ 22 سم"</subfield>
		</datafield>
		<datafield n="11" tag="310">
			<subfield code=""/>
		</datafield>
		<datafield n="12" tag="911">
			<subfield code="">CEASE</subfield>
		</datafield>
		<datafield n="13" tag="530">
			<subfield code=""/>
		</datafield>
		<datafield n="14" tag="590">
			<subfield code="">تحفظ في دائرة الارشيف والمجموعات الخاصة.</subfield>
		</datafield>
		<datafield n="15" tag="866">
			<subfield code="">في المكتبة:1871-1872/73، 1875/1876و1890-1884و 1896-1914و 1918-1919 ،1920-1924.</subfield>
		</datafield>
		<datafield n="16" tag="362">
			<subfield code=""/>
		</datafield>
	</record>