
	<record type="Bibliographic">
		<datafield n="1" tag="">
			<subfield code="">b13150170</subfield>
		</datafield>
		<datafield n="2" tag="">
			<subfield code="">1  </subfield>
		</datafield>
		<datafield n="3" tag="008">
			<subfield code="">1911</subfield>
		</datafield>
		<datafield n="4" tag="008">
			<subfield code="">1914</subfield>
		</datafield>
		<datafield n="5" tag="245">
			<subfield code="a">كوكب البرية :</subfield>
			<subfield code="b">مجلة كاثوليكية شاملة.</subfield>
		</datafield>
		<datafield n="6" tag="246">
			<subfield code="a">Kawkāb al-barīyah :</subfield>
		</datafield>
		<datafield n="7" tag="222">
			<subfield code="a">كوكب البرية</subfield>
		</datafield>
		<datafield n="8" tag="260">
			<subfield code="a"/>
			<subfield code="b"/>
			<subfield code="c"/>
		</datafield>
		<datafield n="9" tag="264">
			<subfield code="a">بعبدا، لبنان :</subfield>
			<subfield code="b">المطبعة الانطونية،</subfield>
			<subfield code="c">1911-1914.</subfield>
		</datafield>
		<datafield n="10" tag="300">
			<subfield code="">"1 بكرة ميكروفيلم : سلبي وايجابي ؛ 35 مم"</subfield>
		</datafield>
		<datafield n="11" tag="310">
			<subfield code=""/>
		</datafield>
		<datafield n="12" tag="911">
			<subfield code="">CEASE</subfield>
		</datafield>
		<datafield n="13" tag="530">
			<subfield code="">متوفر ايضاً على نسحة مطبوعة.</subfield>
		</datafield>
		<datafield n="14" tag="590">
			<subfield code="">نسخة مصورة على ميكروفيلم. تم التصوير في دائرة المصغرات العلمية، مكتبة يافث التذكارية، 2001</subfield>
		</datafield>
		<datafield n="15" tag="866">
			<subfield code="">في المكتبة:مج. 1(1911:كانون الثاني-كانون الاول)</subfield>
		</datafield>
		<datafield n="16" tag="362">
			<subfield code="">صدر الجزء الاول كانون الثاني سنة 1911.</subfield>
		</datafield>
	</record>