
	<record type="Bibliographic">
		<datafield n="1" tag="">
			<subfield code="">b22887271</subfield>
		</datafield>
		<datafield n="2" tag="">
			<subfield code="">s  </subfield>
		</datafield>
		<datafield n="3" tag="008">
			<subfield code="">1891</subfield>
		</datafield>
		<datafield n="4" tag="008">
			<subfield code="">1910</subfield>
		</datafield>
		<datafield n="5" tag="245">
			<subfield code="a">لبنان :</subfield>
			<subfield code="b">جريدة سياسية علمية تجارية أدبية.</subfield>
		</datafield>
		<datafield n="6" tag="246">
			<subfield code="a">Lubnān :</subfield>
		</datafield>
		<datafield n="7" tag="222">
			<subfield code="a">لبنان</subfield>
		</datafield>
		<datafield n="8" tag="260">
			<subfield code="a"/>
			<subfield code="b"/>
			<subfield code="c"/>
		</datafield>
		<datafield n="9" tag="264">
			<subfield code="a">بعبدا، لبنان :</subfield>
			<subfield code="b">[إبراهيم الاسود]،</subfield>
			<subfield code="c">1891-1910.</subfield>
		</datafield>
		<datafield n="10" tag="300">
			<subfield code="">"مجلد ؛ 58 سم"</subfield>
		</datafield>
		<datafield n="11" tag="310">
			<subfield code=""/>
		</datafield>
		<datafield n="12" tag="911">
			<subfield code="">CEASE</subfield>
		</datafield>
		<datafield n="13" tag="530">
			<subfield code="">متوفر أيضاً على ميكروفيلم Mic-NA:000078.</subfield>
		</datafield>
		<datafield n="14" tag="590">
			<subfield code=""/>
		</datafield>
		<datafield n="15" tag="866">
			<subfield code="">"في المكتبة: مج.1-5(1891-1898:أيار)؛ مج.15:ع.684(1906:تشرين الثاني)"</subfield>
		</datafield>
		<datafield n="16" tag="362">
			<subfield code=""/>
		</datafield>
	</record>