
	<record type="Bibliographic">
		<datafield n="1" tag="">
			<subfield code="">b21168131</subfield>
		</datafield>
		<datafield n="2" tag="">
			<subfield code="">s  </subfield>
		</datafield>
		<datafield n="3" tag="008">
			<subfield code="">1877</subfield>
		</datafield>
		<datafield n="4" tag="008">
			<subfield code="">1975</subfield>
		</datafield>
		<datafield n="5" tag="245">
			<subfield code="a">لسان الحال :</subfield>
			<subfield code="b">جريدة يومية مستقلة.</subfield>
		</datafield>
		<datafield n="6" tag="246">
			<subfield code="a">Lisān al-ḥāl :</subfield>
		</datafield>
		<datafield n="7" tag="222">
			<subfield code="a">لسان الحال</subfield>
		</datafield>
		<datafield n="8" tag="260">
			<subfield code="a"/>
			<subfield code="b"/>
			<subfield code="c"/>
		</datafield>
		<datafield n="9" tag="264">
			<subfield code="a">بيروت :</subfield>
			<subfield code="b">[خليل سركيس]،</subfield>
			<subfield code="c">1877-1975.</subfield>
		</datafield>
		<datafield n="10" tag="300">
			<subfield code="">"مجلدات : مصورات ؛ 62 سم"</subfield>
		</datafield>
		<datafield n="11" tag="310">
			<subfield code="">يومية.</subfield>
		</datafield>
		<datafield n="12" tag="911">
			<subfield code="">CEASE</subfield>
		</datafield>
		<datafield n="13" tag="530">
			<subfield code="">متوفر أيضاً على ميكروفيلم رقم : Mic-NA:000111</subfield>
		</datafield>
		<datafield n="14" tag="590">
			<subfield code=""/>
		</datafield>
		<datafield n="15" tag="866">
			<subfield code="">"في المكتبة: 1880-1882؛ 1890-1891، 1899-1990؛ 1922:شباط، 1924: تموز، 1929-1930؛ 1960:نيسان-1975:تشرين الأول."</subfield>
		</datafield>
		<datafield n="16" tag="362">
			<subfield code=""/>
		</datafield>
	</record>