
	<record type="Bibliographic">
		<datafield n="1" tag="">
			<subfield code="">b12824501</subfield>
		</datafield>
		<datafield n="2" tag="">
			<subfield code="">s  </subfield>
		</datafield>
		<datafield n="3" tag="008">
			<subfield code="">1911</subfield>
		</datafield>
		<datafield n="4" tag="008">
			<subfield code="">1931</subfield>
		</datafield>
		<datafield n="5" tag="245">
			<subfield code="a">لغة العرب :</subfield>
			<subfield code="b">مجلة أدبية علمية تاريخية بيد الآباء الكرمليين المرسلين.</subfield>
		</datafield>
		<datafield n="6" tag="246">
			<subfield code="a">"Lughat al-ʻArab :$""Loghat el-‘arab"""</subfield>
		</datafield>
		<datafield n="7" tag="222">
			<subfield code="a">لغة العرب</subfield>
		</datafield>
		<datafield n="8" tag="260">
			<subfield code="a"/>
			<subfield code="b"/>
			<subfield code="c"/>
		</datafield>
		<datafield n="9" tag="264">
			<subfield code="a">بغداد :</subfield>
			<subfield code="b">الآباء الكرمليون،</subfield>
			<subfield code="c">1911-1931.</subfield>
		</datafield>
		<datafield n="10" tag="300">
			<subfield code="">9 مجلدات</subfield>
		</datafield>
		<datafield n="11" tag="310">
			<subfield code="">شهرية.</subfield>
		</datafield>
		<datafield n="12" tag="911">
			<subfield code="">CEASE</subfield>
		</datafield>
		<datafield n="13" tag="530">
			<subfield code=""/>
		</datafield>
		<datafield n="14" tag="590">
			<subfield code=""/>
		</datafield>
		<datafield n="15" tag="866">
			<subfield code="">"في المكتبة: مج.1:ع.1-مج.4:ع.2(1911:تموز-1914:آب)؛ مج.4-مج.9(1926:تموز-1931:تشرين الأول)"</subfield>
		</datafield>
		<datafield n="16" tag="362">
			<subfield code="">صدر العدد الاول سنة 1911.</subfield>
		</datafield>
	</record>