
	<record type="Bibliographic">
		<datafield n="1" tag="">
			<subfield code="">b12824951</subfield>
		</datafield>
		<datafield n="2" tag="">
			<subfield code="">s  </subfield>
		</datafield>
		<datafield n="3" tag="008">
			<subfield code="">1892</subfield>
		</datafield>
		<datafield n="4" tag="008">
			<subfield code="">1893</subfield>
		</datafield>
		<datafield n="5" tag="245">
			<subfield code="a">مجلة الأستاذ /</subfield>
			<subfield code="b"/>
		</datafield>
		<datafield n="6" tag="246">
			<subfield code="a">al-Ustādh</subfield>
		</datafield>
		<datafield n="7" tag="222">
			<subfield code="a">مجلة الأستاذ </subfield>
		</datafield>
		<datafield n="8" tag="260">
			<subfield code="a"/>
			<subfield code="b"/>
			<subfield code="c"/>
		</datafield>
		<datafield n="9" tag="264">
			<subfield code="a">مصر :</subfield>
			<subfield code="b">الهيئة المصرية العامة للكتاب،</subfield>
			<subfield code="c">1994.</subfield>
		</datafield>
		<datafield n="10" tag="300">
			<subfield code="">"2 مجلد ؛ 24 سم."</subfield>
		</datafield>
		<datafield n="11" tag="310">
			<subfield code=""/>
		</datafield>
		<datafield n="12" tag="911">
			<subfield code="">CEASE</subfield>
		</datafield>
		<datafield n="13" tag="530">
			<subfield code=""/>
		</datafield>
		<datafield n="14" tag="590">
			<subfield code=""/>
		</datafield>
		<datafield n="15" tag="866">
			<subfield code="">في المكتبة :ع. 1-42 (1892: آب -1893: حزيران)</subfield>
		</datafield>
		<datafield n="16" tag="362">
			<subfield code=""/>
		</datafield>
	</record>