
	<record type="Bibliographic">
		<datafield n="1" tag="">
			<subfield code="">b2537560x</subfield>
		</datafield>
		<datafield n="2" tag="">
			<subfield code="">s  </subfield>
		</datafield>
		<datafield n="3" tag="008">
			<subfield code="">1926</subfield>
		</datafield>
		<datafield n="4" tag="008">
			<subfield code="">1929</subfield>
		</datafield>
		<datafield n="5" tag="245">
			<subfield code="a">مجلة الآثار الشرقية /</subfield>
			<subfield code="b"/>
		</datafield>
		<datafield n="6" tag="246">
			<subfield code="a">DOCUMENTS D'ORIENT :</subfield>
		</datafield>
		<datafield n="7" tag="222">
			<subfield code="a">مجلة الآثار الشرقية</subfield>
		</datafield>
		<datafield n="8" tag="260">
			<subfield code="a"/>
			<subfield code="b"/>
			<subfield code="c"/>
		</datafield>
		<datafield n="9" tag="264">
			<subfield code="a">بيروت، لبنان :</subfield>
			<subfield code="b">البطريركية الإنطاكية السريانية،</subfield>
			<subfield code="c">1926-[1929]</subfield>
		</datafield>
		<datafield n="10" tag="300">
			<subfield code="">"مجلدات ؛ 22 سم"</subfield>
		</datafield>
		<datafield n="11" tag="310">
			<subfield code=""/>
		</datafield>
		<datafield n="12" tag="911">
			<subfield code="">CEASE</subfield>
		</datafield>
		<datafield n="13" tag="530">
			<subfield code=""/>
		</datafield>
		<datafield n="14" tag="590">
			<subfield code=""/>
		</datafield>
		<datafield n="15" tag="866">
			<subfield code="">"في المكتبة: مج.1:ع.1-12(1926:كانون الثاني-كانون الأول)؛ مج.2:ع.12(1927:كانون الأول)؛ مج.3:ع.3(1928:آذار)؛ مج.4:ع.3-7، 12(1929:آذار-تموز، كانون الأول)"</subfield>
		</datafield>
		<datafield n="16" tag="362">
			<subfield code="">السنة الأولى، العدد الأول (كانون الثاني 1926)</subfield>
		</datafield>
	</record>