
	<record type="Bibliographic">
		<datafield n="1" tag="">
			<subfield code="">b1283032x</subfield>
		</datafield>
		<datafield n="2" tag="">
			<subfield code="">s  </subfield>
		</datafield>
		<datafield n="3" tag="008">
			<subfield code="">1928</subfield>
		</datafield>
		<datafield n="4" tag="008">
			<subfield code="">1973</subfield>
		</datafield>
		<datafield n="5" tag="245">
			<subfield code="a">مجلة التربية الحديثة /</subfield>
			<subfield code="b"/>
		</datafield>
		<datafield n="6" tag="246">
			<subfield code="a">"Majallat al-tarbiyah al-ḥadīthah$""مجلة التربية الحديثة :""$""Journal of modern education"""</subfield>
		</datafield>
		<datafield n="7" tag="222">
			<subfield code="a">مجلة التربية الحديثة</subfield>
		</datafield>
		<datafield n="8" tag="260">
			<subfield code="a"/>
			<subfield code="b"/>
			<subfield code="c"/>
		</datafield>
		<datafield n="9" tag="264">
			<subfield code="a">القاهرة :</subfield>
			<subfield code="b">الجامعة الأميركية بالقاهرة،</subfield>
			<subfield code="c">1928-1973.</subfield>
		</datafield>
		<datafield n="10" tag="300">
			<subfield code="">"880-06 مجلدات ؛ 24 سم"</subfield>
		</datafield>
		<datafield n="11" tag="310">
			<subfield code="">880-07 فصلية.</subfield>
		</datafield>
		<datafield n="12" tag="911">
			<subfield code="">CEASE</subfield>
		</datafield>
		<datafield n="13" tag="530">
			<subfield code=""/>
		</datafield>
		<datafield n="14" tag="590">
			<subfield code="">"توقفت عن الوصول الى المكتبة.$""الفهارس في دائرة المراجع."""</subfield>
		</datafield>
		<datafield n="15" tag="866">
			<subfield code="">في المكتبة:مج. 1-17، 21-46 (1928-1944/1943، 1948/1947-1973/1972)</subfield>
		</datafield>
		<datafield n="16" tag="362">
			<subfield code=""/>
		</datafield>
	</record>