
	<record type="Bibliographic">
		<datafield n="1" tag="">
			<subfield code="">b12819578</subfield>
		</datafield>
		<datafield n="2" tag="">
			<subfield code="">s  </subfield>
		</datafield>
		<datafield n="3" tag="008">
			<subfield code="">1910</subfield>
		</datafield>
		<datafield n="4" tag="008">
			<subfield code="">1932</subfield>
		</datafield>
		<datafield n="5" tag="245">
			<subfield code="a">مجلة الحقوق.</subfield>
			<subfield code="b"/>
		</datafield>
		<datafield n="6" tag="246">
			<subfield code="a">Majallat al-ḥuqūq</subfield>
		</datafield>
		<datafield n="7" tag="222">
			<subfield code="a">مجلة الحقوق </subfield>
		</datafield>
		<datafield n="8" tag="260">
			<subfield code="a"/>
			<subfield code="b"/>
			<subfield code="c"/>
		</datafield>
		<datafield n="9" tag="264">
			<subfield code="a">بيروت :</subfield>
			<subfield code="b">نجيب خلف،</subfield>
			<subfield code="c">1910-1913, 1928-1932.</subfield>
		</datafield>
		<datafield n="10" tag="300">
			<subfield code="">2 مجلد : 24 سم</subfield>
		</datafield>
		<datafield n="11" tag="310">
			<subfield code="">تصدر ستة اجزاء في السنة.</subfield>
		</datafield>
		<datafield n="12" tag="911">
			<subfield code="">CEASE</subfield>
		</datafield>
		<datafield n="13" tag="530">
			<subfield code=""/>
		</datafield>
		<datafield n="14" tag="590">
			<subfield code=""/>
		</datafield>
		<datafield n="15" tag="866">
			<subfield code="">"في المكتبة: مج.1:ع.3(1910:أيار)؛ مج.2:ع.2-10(1910:نيسان-كانون الأول)؛ مج.3:ع.1-3، 6(1913)؛ مج.4-5(1928-1930)؛ مج.6:ع.1-6(1931/1932)"</subfield>
		</datafield>
		<datafield n="16" tag="362">
			<subfield code=""/>
		</datafield>
	</record>