
	<record type="Bibliographic">
		<datafield n="1" tag="">
			<subfield code="">b23277014</subfield>
		</datafield>
		<datafield n="2" tag="">
			<subfield code="">s  </subfield>
		</datafield>
		<datafield n="3" tag="008">
			<subfield code="">1922</subfield>
		</datafield>
		<datafield n="4" tag="008">
			<subfield code="">1931</subfield>
		</datafield>
		<datafield n="5" tag="245">
			<subfield code="a">مجلة السيدات والرجال.</subfield>
			<subfield code="b"/>
		</datafield>
		<datafield n="6" tag="246">
			<subfield code="a">Majallat al-sayyidāt wa-al-rijāl</subfield>
		</datafield>
		<datafield n="7" tag="222">
			<subfield code="a">مجلة السيدات والرجال</subfield>
		</datafield>
		<datafield n="8" tag="260">
			<subfield code="a"/>
			<subfield code="b"/>
			<subfield code="c"/>
		</datafield>
		<datafield n="9" tag="264">
			<subfield code="a">القاهرة :</subfield>
			<subfield code="b">نقولا الحداد،</subfield>
			<subfield code="c">1922-1931.</subfield>
		</datafield>
		<datafield n="10" tag="300">
			<subfield code="">مجلدات</subfield>
		</datafield>
		<datafield n="11" tag="310">
			<subfield code=""/>
		</datafield>
		<datafield n="12" tag="911">
			<subfield code="">CEASE</subfield>
		</datafield>
		<datafield n="13" tag="530">
			<subfield code="">متوفر أيضاً على ميكروفيلم Mic-NA:000083</subfield>
		</datafield>
		<datafield n="14" tag="590">
			<subfield code=""/>
		</datafield>
		<datafield n="15" tag="866">
			<subfield code="">"في المكتبة:مج.4:ع.4، 5(1923:شباط، آذار)؛ مج.5:ع.11/12(1924:تشرين الأول)؛ مج.6:ع.7، 11/12(1925)؛ مج.8:ع.1، 2، 10(1926:تشرين الثاني، كانون الأول، 1927:كانون الأول)؛ مج.9:ع.1-12(1927: تشرين الثاني-1928:تشرين الثاني)؛ مج.10:ع.2، 5-7(1928:كانون الأول؛ 1929:آذار، نيسان/أيار)؛ مج.11:ع.2، 4، 5، 7، 9(1930: شباط، نيسان، تموز، تشرين الأول)"</subfield>
		</datafield>
		<datafield n="16" tag="362">
			<subfield code=""/>
		</datafield>
	</record>