
	<record type="Bibliographic">
		<datafield n="1" tag="">
			<subfield code="">b13144169</subfield>
		</datafield>
		<datafield n="2" tag="">
			<subfield code="">s  </subfield>
		</datafield>
		<datafield n="3" tag="008">
			<subfield code="">1928</subfield>
		</datafield>
		<datafield n="4" tag="008">
			<subfield code="">19uu</subfield>
		</datafield>
		<datafield n="5" tag="245">
			<subfield code="a">مجلة الشرق.</subfield>
			<subfield code="b"/>
		</datafield>
		<datafield n="6" tag="246">
			<subfield code="a">"Majallat al-sharq$""O'oriente"""</subfield>
		</datafield>
		<datafield n="7" tag="222">
			<subfield code="a">مجلة الشرق </subfield>
		</datafield>
		<datafield n="8" tag="260">
			<subfield code="a"/>
			<subfield code="b"/>
			<subfield code="c"/>
		</datafield>
		<datafield n="9" tag="264">
			<subfield code="a">[البرازيل] :</subfield>
			<subfield code="b">موسى كريم،</subfield>
			<subfield code="c">1928-[19؟؟]</subfield>
		</datafield>
		<datafield n="10" tag="300">
			<subfield code="">880-03 مجلدات.</subfield>
		</datafield>
		<datafield n="11" tag="310">
			<subfield code="">مرتين في الشهر.</subfield>
		</datafield>
		<datafield n="12" tag="911">
			<subfield code="">CEASE</subfield>
		</datafield>
		<datafield n="13" tag="530">
			<subfield code="">متوفر ايضاً على ميكروفيلم : Mic-NA:000453</subfield>
		</datafield>
		<datafield n="14" tag="590">
			<subfield code=""/>
		</datafield>
		<datafield n="15" tag="866">
			<subfield code="">"في المكتبة: مج.1:ع.1-22(1928:نيسان-1929:آذار)؛ مج.2:ع.15، 23-40، 42(1929:تشرين الأول، آذار-1930:كانون الثاني)؛ مج.3:ع.1-22(1930:آذار-1931:شباط)+عدد خاص آب 1930؛ مج.4:ع.1-22(1931:آذار-1932:كانون الثاني)؛ مج.5:ع.1-20(1932:شباط-1933:كانون الثاني)؛ مج.6(1933:شباط-تشرين الثاني)؛ مج.7:ع.3/4، 10/11(1934:شباط، حزيران)؛ مج.8:ع.10(1935:حزيران)؛ مج.9:ع.2، 9، 20(1936:كانون الثاني، أيار، كانون الأول)؛ مج.10:ع.3، 5، 10(1937:آذار، أيار، تشرين الأول)؛ مج.11:ع.3، 7، 10(1938:آذار، تموز، أيلول)؛ مج.12:ع.10(1939:تشرين الأول)؛ مج.18:ع.8، "</subfield>
		</datafield>
		<datafield n="16" tag="362">
			<subfield code="">صدرت عام 1928.</subfield>
		</datafield>
	</record>