
	<record type="Bibliographic">
		<datafield n="1" tag="">
			<subfield code="">b12824008</subfield>
		</datafield>
		<datafield n="2" tag="">
			<subfield code="">1  </subfield>
		</datafield>
		<datafield n="3" tag="008">
			<subfield code="">1909</subfield>
		</datafield>
		<datafield n="4" tag="008">
			<subfield code="">1912</subfield>
		</datafield>
		<datafield n="5" tag="245">
			<subfield code="a">مجلة العثماني.</subfield>
			<subfield code="b"/>
		</datafield>
		<datafield n="6" tag="246">
			<subfield code="a">Majallat al-‘Uthmānī</subfield>
		</datafield>
		<datafield n="7" tag="222">
			<subfield code="a">مجلة العثماني</subfield>
		</datafield>
		<datafield n="8" tag="260">
			<subfield code="a"/>
			<subfield code="b"/>
			<subfield code="c"/>
		</datafield>
		<datafield n="9" tag="264">
			<subfield code="a">البترون، لبنان :</subfield>
			<subfield code="b">[اسطفان صوان]،</subfield>
			<subfield code="c">1909-1912.</subfield>
		</datafield>
		<datafield n="10" tag="300">
			<subfield code="">"بكرة ميكروفيلم : سلبي وايجابي ؛ 35 مم"</subfield>
		</datafield>
		<datafield n="11" tag="310">
			<subfield code=""/>
		</datafield>
		<datafield n="12" tag="911">
			<subfield code="">CEASE</subfield>
		</datafield>
		<datafield n="13" tag="530">
			<subfield code=""/>
		</datafield>
		<datafield n="14" tag="590">
			<subfield code="">نسخة مصورة على ميكروفيلم. تم التصوير في دائرة المصغرات الفلمية، مكتبة يافث التذكارية، 1986.</subfield>
		</datafield>
		<datafield n="15" tag="866">
			<subfield code="">في المكتبة :س.1:ع. 7 و8-س. 4:ع. 4 (1909:كانون الاول -1912:كانون الاول)</subfield>
		</datafield>
		<datafield n="16" tag="362">
			<subfield code=""/>
		</datafield>
	</record>