
	<record type="Bibliographic">
		<datafield n="1" tag="">
			<subfield code="">b12819244</subfield>
		</datafield>
		<datafield n="2" tag="">
			<subfield code="">s  </subfield>
		</datafield>
		<datafield n="3" tag="008">
			<subfield code="">1905</subfield>
		</datafield>
		<datafield n="4" tag="008">
			<subfield code="">1932</subfield>
		</datafield>
		<datafield n="5" tag="245">
			<subfield code="a">مجلة الكلمة.</subfield>
			<subfield code="b"/>
		</datafield>
		<datafield n="6" tag="246">
			<subfield code="a">Majallat al-kalimah</subfield>
		</datafield>
		<datafield n="7" tag="222">
			<subfield code="a">مجلة الكلمة</subfield>
		</datafield>
		<datafield n="8" tag="260">
			<subfield code="a"/>
			<subfield code="b"/>
			<subfield code="c"/>
		</datafield>
		<datafield n="9" tag="264">
			<subfield code="a">نيويورك :</subfield>
			<subfield code="b">دار الكلمة،</subfield>
			<subfield code="c">1905-1932.</subfield>
		</datafield>
		<datafield n="10" tag="300">
			<subfield code="">"مجلدات ؛ 23 سم"</subfield>
		</datafield>
		<datafield n="11" tag="310">
			<subfield code="">شهرية</subfield>
		</datafield>
		<datafield n="12" tag="911">
			<subfield code="">CEASE</subfield>
		</datafield>
		<datafield n="13" tag="530">
			<subfield code=""/>
		</datafield>
		<datafield n="14" tag="590">
			<subfield code="">بعض الاجزاء غير كاملة.</subfield>
		</datafield>
		<datafield n="15" tag="866">
			<subfield code="">في المكتبة:مج.1-10، 14-15(1905-1914، 1931-1932)</subfield>
		</datafield>
		<datafield n="16" tag="362">
			<subfield code="">صدرت سنة 1905.</subfield>
		</datafield>
	</record>