
	<record type="Bibliographic">
		<datafield n="1" tag="">
			<subfield code="">b12824781</subfield>
		</datafield>
		<datafield n="2" tag="">
			<subfield code="">s  </subfield>
		</datafield>
		<datafield n="3" tag="008">
			<subfield code="">1900</subfield>
		</datafield>
		<datafield n="4" tag="008">
			<subfield code="">1904</subfield>
		</datafield>
		<datafield n="5" tag="245">
			<subfield code="a">مجلة اللواء.</subfield>
			<subfield code="b"/>
		</datafield>
		<datafield n="6" tag="246">
			<subfield code="a">Majallat al-Liwā’</subfield>
		</datafield>
		<datafield n="7" tag="222">
			<subfield code="a">مجلة اللواء</subfield>
		</datafield>
		<datafield n="8" tag="260">
			<subfield code="a"/>
			<subfield code="b"/>
			<subfield code="c"/>
		</datafield>
		<datafield n="9" tag="264">
			<subfield code="a">مصر :</subfield>
			<subfield code="b">مصطفى كامل،</subfield>
			<subfield code="c">1900-1904.</subfield>
		</datafield>
		<datafield n="10" tag="300">
			<subfield code="">"4 مجلدات : مصورات ؛ 24 سم"</subfield>
		</datafield>
		<datafield n="11" tag="310">
			<subfield code=""/>
		</datafield>
		<datafield n="12" tag="911">
			<subfield code="">CEASE</subfield>
		</datafield>
		<datafield n="13" tag="530">
			<subfield code="">متوفر ايضاً على ميكروفيلم : Mic-NA:000494</subfield>
		</datafield>
		<datafield n="14" tag="590">
			<subfield code="">نسختان من : 1903-1904</subfield>
		</datafield>
		<datafield n="15" tag="866">
			<subfield code="">في المكتبة :1900-1904.</subfield>
		</datafield>
		<datafield n="16" tag="362">
			<subfield code="">صدر العدد الاول السنة الاولى 15 تشرين الثاني 1900.</subfield>
		</datafield>
	</record>