
	<record type="Bibliographic">
		<datafield n="1" tag="">
			<subfield code="">b10024657</subfield>
		</datafield>
		<datafield n="2" tag="">
			<subfield code="">s  </subfield>
		</datafield>
		<datafield n="3" tag="008">
			<subfield code="">1924</subfield>
		</datafield>
		<datafield n="4" tag="008">
			<subfield code="">194u</subfield>
		</datafield>
		<datafield n="5" tag="245">
			<subfield code="a">مجلة المعهد الطبي العربي :</subfield>
			<subfield code="b">تبحث في الطب والصيدلة وجميع فروعها.</subfield>
		</datafield>
		<datafield n="6" tag="246">
			<subfield code="a">Revue de la Faculté Arabe de Medecine</subfield>
		</datafield>
		<datafield n="7" tag="222">
			<subfield code="a">مجلة المعهد الطبي العربي</subfield>
		</datafield>
		<datafield n="8" tag="260">
			<subfield code="a"/>
			<subfield code="b"/>
			<subfield code="c"/>
		</datafield>
		<datafield n="9" tag="264">
			<subfield code="a">دمشق، سوريا :</subfield>
			<subfield code="b">المعهد الطبي العربي،</subfield>
			<subfield code="c">1924-[194؟]</subfield>
		</datafield>
		<datafield n="10" tag="300">
			<subfield code="">"مجلدات ؛ 24 سم"</subfield>
		</datafield>
		<datafield n="11" tag="310">
			<subfield code="">شهرية.</subfield>
		</datafield>
		<datafield n="12" tag="911">
			<subfield code="">CEASE</subfield>
		</datafield>
		<datafield n="13" tag="530">
			<subfield code=""/>
		</datafield>
		<datafield n="14" tag="590">
			<subfield code=""/>
		</datafield>
		<datafield n="15" tag="866">
			<subfield code="">في المكتبة : مج.1-21(1924-1946)</subfield>
		</datafield>
		<datafield n="16" tag="362">
			<subfield code="">المجلد الأول، العدد الأول (كانون الثاني 1924)</subfield>
		</datafield>
	</record>