
	<record type="Bibliographic">
		<datafield n="1" tag="">
			<subfield code="">b23286271</subfield>
		</datafield>
		<datafield n="2" tag="">
			<subfield code="">s  </subfield>
		</datafield>
		<datafield n="3" tag="008">
			<subfield code="">1921</subfield>
		</datafield>
		<datafield n="4" tag="008">
			<subfield code="">191u</subfield>
		</datafield>
		<datafield n="5" tag="245">
			<subfield code="a">مجلة النهضة النسائية :</subfield>
			<subfield code="b">أدبية تهذيبية إجتماعية.</subfield>
		</datafield>
		<datafield n="6" tag="246">
			<subfield code="a"/>
		</datafield>
		<datafield n="7" tag="222">
			<subfield code="a">مجلة النهضة النسائية </subfield>
		</datafield>
		<datafield n="8" tag="260">
			<subfield code="a"/>
			<subfield code="b"/>
			<subfield code="c"/>
		</datafield>
		<datafield n="9" tag="264">
			<subfield code="a">القاهرة، مصر :</subfield>
			<subfield code="b">"مطبعة الإعتماد؛"</subfield>
			<subfield code="c">1921-[19؟؟]</subfield>
		</datafield>
		<datafield n="10" tag="300">
			<subfield code="">"مجلد ؛ 32 سم"</subfield>
		</datafield>
		<datafield n="11" tag="310">
			<subfield code="">أسبوعية.</subfield>
		</datafield>
		<datafield n="12" tag="911">
			<subfield code="">CEASE</subfield>
		</datafield>
		<datafield n="13" tag="530">
			<subfield code=""/>
		</datafield>
		<datafield n="14" tag="590">
			<subfield code=""/>
		</datafield>
		<datafield n="15" tag="866">
			<subfield code="">في المكتبة:مج.1:ع.12(1922:تموز)</subfield>
		</datafield>
		<datafield n="16" tag="362">
			<subfield code="">السنة الأولى، العدد الأول (تموز 1921)</subfield>
		</datafield>
	</record>