
	<record type="Bibliographic">
		<datafield n="1" tag="">
			<subfield code="">b12821676</subfield>
		</datafield>
		<datafield n="2" tag="">
			<subfield code="">1  </subfield>
		</datafield>
		<datafield n="3" tag="008">
			<subfield code="">1905</subfield>
		</datafield>
		<datafield n="4" tag="008">
			<subfield code="">1925</subfield>
		</datafield>
		<datafield n="5" tag="245">
			<subfield code="a">مجلة سركيس.</subfield>
			<subfield code="b"/>
		</datafield>
		<datafield n="6" tag="246">
			<subfield code="a">Majallat Sarkīs</subfield>
		</datafield>
		<datafield n="7" tag="222">
			<subfield code="a">مجلة سركيس </subfield>
		</datafield>
		<datafield n="8" tag="260">
			<subfield code="a"/>
			<subfield code="b"/>
			<subfield code="c"/>
		</datafield>
		<datafield n="9" tag="264">
			<subfield code="a">مصر :</subfield>
			<subfield code="b">[سليم سركيس]،</subfield>
			<subfield code="c">1905-1925.</subfield>
		</datafield>
		<datafield n="10" tag="300">
			<subfield code="">"بكرة ميكروفيلم : سلبي وايجابي ؛ 35 مم"</subfield>
		</datafield>
		<datafield n="11" tag="310">
			<subfield code="">شهرية، 1922-</subfield>
		</datafield>
		<datafield n="12" tag="911">
			<subfield code="">CEASE</subfield>
		</datafield>
		<datafield n="13" tag="530">
			<subfield code="">توفر ايضاً على نسخة مطبوعة.</subfield>
		</datafield>
		<datafield n="14" tag="590">
			<subfield code="">نسخة مصورة على ميكروفيلم. تم التصوير في دائرة المصغرات الفلمية، مكتبة يافث التذكارية.</subfield>
		</datafield>
		<datafield n="15" tag="866">
			<subfield code="">في المكتبة :1908: ايار1-1910: حزيران 15.</subfield>
		</datafield>
		<datafield n="16" tag="362">
			<subfield code="">صدرت سنة 1905.</subfield>
		</datafield>
	</record>