
	<record type="Bibliographic">
		<datafield n="1" tag="">
			<subfield code="">b12824653</subfield>
		</datafield>
		<datafield n="2" tag="">
			<subfield code="">s  </subfield>
		</datafield>
		<datafield n="3" tag="008">
			<subfield code="">1905</subfield>
		</datafield>
		<datafield n="4" tag="008">
			<subfield code="">1925</subfield>
		</datafield>
		<datafield n="5" tag="245">
			<subfield code="a">مجلة سركيس.</subfield>
			<subfield code="b"/>
		</datafield>
		<datafield n="6" tag="246">
			<subfield code="a">Majallat Sarkīs</subfield>
		</datafield>
		<datafield n="7" tag="222">
			<subfield code="a">مجلة سركيس</subfield>
		</datafield>
		<datafield n="8" tag="260">
			<subfield code="a"/>
			<subfield code="b"/>
			<subfield code="c"/>
		</datafield>
		<datafield n="9" tag="264">
			<subfield code="a">مصر :</subfield>
			<subfield code="b">[سليم سركيس]،</subfield>
			<subfield code="c">1905-1925.</subfield>
		</datafield>
		<datafield n="10" tag="300">
			<subfield code="">"3 مجلدات : مصورات ؛ 23 سم"</subfield>
		</datafield>
		<datafield n="11" tag="310">
			<subfield code="">شهرية، 1922-</subfield>
		</datafield>
		<datafield n="12" tag="911">
			<subfield code="">CEASE</subfield>
		</datafield>
		<datafield n="13" tag="530">
			<subfield code="">متوفر ايضاً على ميكروفيلم : Mic-NA:000084</subfield>
		</datafield>
		<datafield n="14" tag="590">
			<subfield code="">"تنقص الاعداد التالية: السنة 2(1906)الاعداد 12 و 17؛ السنة 3(1907) العدد 3 و10؛ السنة 12(1923)الاعداد 1-6، 10؛ السنة 13(1924) الاعداد 6-12."</subfield>
		</datafield>
		<datafield n="15" tag="866">
			<subfield code="">"في المكتبة :مج.1-4(1906-1908)؛ مج.5:ع.1-20(1909:تشرين الأول-1910:تموز)؛ مج.6:ع.20/21، 23(1912:تشرين الأول/تشرين الثاني، كانون الأول)؛ مج.7:ع.1، 3، 6، 11/12(1913:كانون الثاني، حزيران، تشرين الثاني/كانون الأول)؛ مج.8:ع.1، 2، 5، 6(1914:كانون الثاني، شباط، آذار، نيسان)؛ مج.10:ع.1-9، 16/17(1921:كانون الثاني-أيار، آب/أيلول)؛ مج.11:ع.1، 4(1922:كانون الثاني، نيسان)؛ مج.12:ع.7-12(1923:آب-كانون الأول)؛ مج.13:ع.1/2، 5(1924:كانون الثاني/شباط، أيار)"</subfield>
		</datafield>
		<datafield n="16" tag="362">
			<subfield code="">صدرت سنة 1905.</subfield>
		</datafield>
	</record>