
	<record type="Bibliographic">
		<datafield n="1" tag="">
			<subfield code="">b12824604</subfield>
		</datafield>
		<datafield n="2" tag="">
			<subfield code="">s  </subfield>
		</datafield>
		<datafield n="3" tag="008">
			<subfield code="">1921</subfield>
		</datafield>
		<datafield n="4" tag="008">
			<subfield code="">9999</subfield>
		</datafield>
		<datafield n="5" tag="245">
			<subfield code="a">مجلة مجمع اللغة العربية بدمشق /</subfield>
			<subfield code="b"/>
		</datafield>
		<datafield n="6" tag="246">
			<subfield code="a">"Majallat Majmaʻ al-Lughah al-ʻArabīyah bi-Dimashq$""Revue de l'Academie Arabe de Damas""$""مجلة المجمع العلمي العربي بدمشق"""</subfield>
		</datafield>
		<datafield n="7" tag="222">
			<subfield code="a">مجلة مجمع اللغة العربية بدمشق </subfield>
		</datafield>
		<datafield n="8" tag="260">
			<subfield code="a"/>
			<subfield code="b"/>
			<subfield code="c"/>
		</datafield>
		<datafield n="9" tag="264">
			<subfield code="a">دمشق :</subfield>
			<subfield code="b">مجمع اللغة العربية،</subfield>
			<subfield code="c">1921-</subfield>
		</datafield>
		<datafield n="10" tag="300">
			<subfield code="">مجلدات</subfield>
		</datafield>
		<datafield n="11" tag="310">
			<subfield code="">فصلية.</subfield>
		</datafield>
		<datafield n="12" tag="911">
			<subfield code="">ACTIV</subfield>
		</datafield>
		<datafield n="13" tag="530">
			<subfield code=""/>
		</datafield>
		<datafield n="14" tag="590">
			<subfield code="">الفهارس في دائرة المراجع.</subfield>
		</datafield>
		<datafield n="15" tag="866">
			<subfield code="">في المكتبة : مج.1 (1921) -</subfield>
		</datafield>
		<datafield n="16" tag="362">
			<subfield code=""/>
		</datafield>
	</record>