
	<record type="Bibliographic">
		<datafield n="1" tag="">
			<subfield code="">b12819815</subfield>
		</datafield>
		<datafield n="2" tag="">
			<subfield code="">s  </subfield>
		</datafield>
		<datafield n="3" tag="008">
			<subfield code="">1924</subfield>
		</datafield>
		<datafield n="4" tag="008">
			<subfield code="">1925</subfield>
		</datafield>
		<datafield n="5" tag="245">
			<subfield code="a">مجموعة البيانات والقوانين الرسمية.</subfield>
			<subfield code="b"/>
		</datafield>
		<datafield n="6" tag="246">
			<subfield code="a">Majmū‘at al-bayānāt wa-al-qawanīn al-rasmīyah</subfield>
		</datafield>
		<datafield n="7" tag="222">
			<subfield code="a">مجموعة البيانات والقوانين الرسمية</subfield>
		</datafield>
		<datafield n="8" tag="260">
			<subfield code="a"/>
			<subfield code="b"/>
			<subfield code="c"/>
		</datafield>
		<datafield n="9" tag="264">
			<subfield code="a">بغداد :</subfield>
			<subfield code="b">المكتبة العصرية،</subfield>
			<subfield code="c">[1924-1925]</subfield>
		</datafield>
		<datafield n="10" tag="300">
			<subfield code="">"2 مجلدات ؛ 21 سم"</subfield>
		</datafield>
		<datafield n="11" tag="310">
			<subfield code="">سنوية.</subfield>
		</datafield>
		<datafield n="12" tag="911">
			<subfield code="">CEASE</subfield>
		</datafield>
		<datafield n="13" tag="530">
			<subfield code=""/>
		</datafield>
		<datafield n="14" tag="590">
			<subfield code=""/>
		</datafield>
		<datafield n="15" tag="866">
			<subfield code="">في المكتبة:1924-1925.</subfield>
		</datafield>
		<datafield n="16" tag="362">
			<subfield code=""/>
		</datafield>
	</record>