
	<record type="Bibliographic">
		<datafield n="1" tag="">
			<subfield code="">b12819773</subfield>
		</datafield>
		<datafield n="2" tag="">
			<subfield code="">s  </subfield>
		</datafield>
		<datafield n="3" tag="008">
			<subfield code="">1920</subfield>
		</datafield>
		<datafield n="4" tag="008">
			<subfield code="">1961</subfield>
		</datafield>
		<datafield n="5" tag="245">
			<subfield code="a">مجموعة القوانين والأنظمة للسنة ... /</subfield>
			<subfield code="b"/>
		</datafield>
		<datafield n="6" tag="246">
			<subfield code="a">"Majmūat al-Qawānīn wa-al-anẓimah li-sanat ...$""البيانات والنظامات المتعلقة بالمحاكم المدنية والشرعية"""</subfield>
		</datafield>
		<datafield n="7" tag="222">
			<subfield code="a">مجموعة القوانين والأنظمة لسنة ...</subfield>
		</datafield>
		<datafield n="8" tag="260">
			<subfield code="a"/>
			<subfield code="b"/>
			<subfield code="c"/>
		</datafield>
		<datafield n="9" tag="264">
			<subfield code="a">العراق :</subfield>
			<subfield code="b">وزارة العدلية،</subfield>
			<subfield code="c">[1920-1961]</subfield>
		</datafield>
		<datafield n="10" tag="300">
			<subfield code="">"31 مجلدات ؛ 22 سم"</subfield>
		</datafield>
		<datafield n="11" tag="310">
			<subfield code=""/>
		</datafield>
		<datafield n="12" tag="911">
			<subfield code="">CEASE</subfield>
		</datafield>
		<datafield n="13" tag="530">
			<subfield code=""/>
		</datafield>
		<datafield n="14" tag="590">
			<subfield code=""/>
		</datafield>
		<datafield n="15" tag="866">
			<subfield code="">في المكتبة :1920/1922،1926-1927، 1930-1937، 1939، 1942-1961.</subfield>
		</datafield>
		<datafield n="16" tag="362">
			<subfield code=""/>
		</datafield>
	</record>