
	<record type="Bibliographic">
		<datafield n="1" tag="">
			<subfield code="">b12457760</subfield>
		</datafield>
		<datafield n="2" tag="">
			<subfield code="">s  </subfield>
		</datafield>
		<datafield n="3" tag="008">
			<subfield code="">1926</subfield>
		</datafield>
		<datafield n="4" tag="008">
			<subfield code="">1938</subfield>
		</datafield>
		<datafield n="5" tag="245">
			<subfield code="a">مجموعة القوانين والمراسيم والقرارات الصادرة عن حكومة الجمهورية اللبنانية.</subfield>
			<subfield code="b"/>
		</datafield>
		<datafield n="6" tag="246">
			<subfield code="a">Majmū‘at al-qawānīn wa-al-marāsīm wa-al-qarārāt al-ṣāḍirah ‘an Ḥukūmat al-Jumhūrīyah al-Lubnānīyah</subfield>
		</datafield>
		<datafield n="7" tag="222">
			<subfield code="a">مجموعة القوانين والمراسيم والقرارات الصادرة عن حكومة الجمهورية اللبنانية</subfield>
		</datafield>
		<datafield n="8" tag="260">
			<subfield code="a"/>
			<subfield code="b"/>
			<subfield code="c"/>
		</datafield>
		<datafield n="9" tag="264">
			<subfield code="a">بيروت :</subfield>
			<subfield code="b">مطبعة الأدب ي.ج.،</subfield>
			<subfield code="c">1926-1938.</subfield>
		</datafield>
		<datafield n="10" tag="300">
			<subfield code="">"10 مجلدات ؛ 20 سم"</subfield>
		</datafield>
		<datafield n="11" tag="310">
			<subfield code=""/>
		</datafield>
		<datafield n="12" tag="911">
			<subfield code="">CEASE</subfield>
		</datafield>
		<datafield n="13" tag="530">
			<subfield code=""/>
		</datafield>
		<datafield n="14" tag="590">
			<subfield code="">تحفظ في دائرة المراجع في R:LEB.</subfield>
		</datafield>
		<datafield n="15" tag="866">
			<subfield code="">في المكتبة:مج.1-10(1926-1937)</subfield>
		</datafield>
		<datafield n="16" tag="362">
			<subfield code=""/>
		</datafield>
	</record>