
	<record type="Bibliographic">
		<datafield n="1" tag="">
			<subfield code="">b13150467</subfield>
		</datafield>
		<datafield n="2" tag="">
			<subfield code="">1  </subfield>
		</datafield>
		<datafield n="3" tag="008">
			<subfield code="">1919</subfield>
		</datafield>
		<datafield n="4" tag="008">
			<subfield code="">1938</subfield>
		</datafield>
		<datafield n="5" tag="245">
			<subfield code="a">مرآة الشرق :</subfield>
			<subfield code="b">جريدة عربية سياسية حرة.</subfield>
		</datafield>
		<datafield n="6" tag="246">
			<subfield code="a">"Mir’āt al-Sharq :$""Meraat Al-Sherk""$""Meraat al-Shark"""</subfield>
		</datafield>
		<datafield n="7" tag="222">
			<subfield code="a">مرآة الشرق</subfield>
		</datafield>
		<datafield n="8" tag="260">
			<subfield code="a"/>
			<subfield code="b"/>
			<subfield code="c"/>
		</datafield>
		<datafield n="9" tag="264">
			<subfield code="a">القدس :</subfield>
			<subfield code="b">مطبعة مرآة الشرق،</subfield>
			<subfield code="c">1919-1938.</subfield>
		</datafield>
		<datafield n="10" tag="300">
			<subfield code="">"5 بكرات ميكروفيلم : سلبي وايجابي ؛ 35 مم"</subfield>
		</datafield>
		<datafield n="11" tag="310">
			<subfield code=""/>
		</datafield>
		<datafield n="12" tag="911">
			<subfield code="">CEASE</subfield>
		</datafield>
		<datafield n="13" tag="530">
			<subfield code=""/>
		</datafield>
		<datafield n="14" tag="590">
			<subfield code="">نسخة مصورة على ميكروفيلم. تم التصوير في IDC publishers، 1986</subfield>
		</datafield>
		<datafield n="15" tag="866">
			<subfield code="">في المكتبة:مج.1:ع.1- س-مج.20:ع. 1347(1919:ايلول 17-1938:آذار 30)</subfield>
		</datafield>
		<datafield n="16" tag="362">
			<subfield code=""/>
		</datafield>
	</record>