
	<record type="Bibliographic">
		<datafield n="1" tag="">
			<subfield code="">b12823843</subfield>
		</datafield>
		<datafield n="2" tag="">
			<subfield code="">1  </subfield>
		</datafield>
		<datafield n="3" tag="008">
			<subfield code="">1889</subfield>
		</datafield>
		<datafield n="4" tag="008">
			<subfield code="">1961</subfield>
		</datafield>
		<datafield n="5" tag="245">
			<subfield code="a">مرآة الغرب :</subfield>
			<subfield code="b">جريدة سياسية أدبية تجارية إنتقادية حرة.</subfield>
		</datafield>
		<datafield n="6" tag="246">
			<subfield code="a">"Mir’āt al-gharb :$""Mirror of the West""$""Meraat-ul-Gharb"""</subfield>
		</datafield>
		<datafield n="7" tag="222">
			<subfield code="a">مرآة الغرب</subfield>
		</datafield>
		<datafield n="8" tag="260">
			<subfield code="a"/>
			<subfield code="b"/>
			<subfield code="c"/>
		</datafield>
		<datafield n="9" tag="264">
			<subfield code="a">نيويورك :</subfield>
			<subfield code="b">[نجيب موسى دياب]،</subfield>
			<subfield code="c">[1889-1961]</subfield>
		</datafield>
		<datafield n="10" tag="300">
			<subfield code="">"بكرة ميكروفيلم : سلبي وايجابي ؛ 35 مم"</subfield>
		</datafield>
		<datafield n="11" tag="310">
			<subfield code=""/>
		</datafield>
		<datafield n="12" tag="911">
			<subfield code="">CEASE</subfield>
		</datafield>
		<datafield n="13" tag="530">
			<subfield code=""/>
		</datafield>
		<datafield n="14" tag="590">
			<subfield code=""/>
		</datafield>
		<datafield n="15" tag="866">
			<subfield code="">في المكتبة : 1910:ايلول -1961:كانون اول.</subfield>
		</datafield>
		<datafield n="16" tag="362">
			<subfield code=""/>
		</datafield>
	</record>