
	<record type="Bibliographic">
		<datafield n="1" tag="">
			<subfield code="">b19003535</subfield>
		</datafield>
		<datafield n="2" tag="">
			<subfield code="">s  </subfield>
		</datafield>
		<datafield n="3" tag="008">
			<subfield code="">1897</subfield>
		</datafield>
		<datafield n="4" tag="008">
			<subfield code="">1900</subfield>
		</datafield>
		<datafield n="5" tag="245">
			<subfield code="a">مرحاتا :</subfield>
			<subfield code="b">جريدة أدبية فكاهية أسبوعية.</subfield>
		</datafield>
		<datafield n="6" tag="246">
			<subfield code="a">"Marḥātā :$""مرحاتا :""$""مرحاتا :""$""مرحاتا :""$""Marhata"""</subfield>
		</datafield>
		<datafield n="7" tag="222">
			<subfield code="a">مرحاتا</subfield>
		</datafield>
		<datafield n="8" tag="260">
			<subfield code="a"/>
			<subfield code="b"/>
			<subfield code="c"/>
		</datafield>
		<datafield n="9" tag="264">
			<subfield code="a">بيروت :</subfield>
			<subfield code="b">دار الأجيال للدراسات والنشر،</subfield>
			<subfield code="c">2016.</subfield>
		</datafield>
		<datafield n="10" tag="300">
			<subfield code="">"1 مجلد ؛  29 سم"</subfield>
		</datafield>
		<datafield n="11" tag="310">
			<subfield code="">أسبوعية.</subfield>
		</datafield>
		<datafield n="12" tag="911">
			<subfield code="">CEASE</subfield>
		</datafield>
		<datafield n="13" tag="530">
			<subfield code=""/>
		</datafield>
		<datafield n="14" tag="590">
			<subfield code=""/>
		</datafield>
		<datafield n="15" tag="866">
			<subfield code="">في المكتبة مج.1:ع.1-ع.70(1897-1900)</subfield>
		</datafield>
		<datafield n="16" tag="362">
			<subfield code="">صدر العدد الاول في شباط 1897.</subfield>
		</datafield>
	</record>