
	<record type="Bibliographic">
		<datafield n="1" tag="">
			<subfield code="">b1830641x</subfield>
		</datafield>
		<datafield n="2" tag="">
			<subfield code="">s  </subfield>
		</datafield>
		<datafield n="3" tag="008">
			<subfield code="">1928</subfield>
		</datafield>
		<datafield n="4" tag="008">
			<subfield code="">1930</subfield>
		</datafield>
		<datafield n="5" tag="245">
			<subfield code="a">مسامرات الأطفال المصورة :</subfield>
			<subfield code="b">جريدة أدبية فكاهية.</subfield>
		</datafield>
		<datafield n="6" tag="246">
			<subfield code="a">"Musāmirāt al-aṭfāl al-muṣawwarah :$""مجلة المستقبل"""</subfield>
		</datafield>
		<datafield n="7" tag="222">
			<subfield code="a">مسامرات الأطفال المصورة</subfield>
		</datafield>
		<datafield n="8" tag="260">
			<subfield code="a"/>
			<subfield code="b"/>
			<subfield code="c"/>
		</datafield>
		<datafield n="9" tag="264">
			<subfield code="a">القاهرة :</subfield>
			<subfield code="b">محمود كامل فريد،</subfield>
			<subfield code="c">[1928-1930]</subfield>
		</datafield>
		<datafield n="10" tag="300">
			<subfield code="">"6 مجلد: مصورات ؛ 33 سم"</subfield>
		</datafield>
		<datafield n="11" tag="310">
			<subfield code="">أسبوعية.</subfield>
		</datafield>
		<datafield n="12" tag="911">
			<subfield code="">CEASE</subfield>
		</datafield>
		<datafield n="13" tag="530">
			<subfield code=""/>
		</datafield>
		<datafield n="14" tag="590">
			<subfield code="">تحفظ في دائرة الأرشيف والمجموعات الخاصة.</subfield>
		</datafield>
		<datafield n="15" tag="866">
			<subfield code="">"في المكتبة:مج.2.ع.17-37(1929:شباط10-تموز14)؛ مج.3.ع.1-37(1929:تشرين الأول6-1930تموز31)"</subfield>
		</datafield>
		<datafield n="16" tag="362">
			<subfield code=""/>
		</datafield>
	</record>