
	<record type="Bibliographic">
		<datafield n="1" tag="">
			<subfield code="">b12825475</subfield>
		</datafield>
		<datafield n="2" tag="">
			<subfield code="">s  </subfield>
		</datafield>
		<datafield n="3" tag="008">
			<subfield code="">1928</subfield>
		</datafield>
		<datafield n="4" tag="008">
			<subfield code="">1930</subfield>
		</datafield>
		<datafield n="5" tag="245">
			<subfield code="a">مصر الحديثة المصورة.</subfield>
			<subfield code="b"/>
		</datafield>
		<datafield n="6" tag="246">
			<subfield code="a">"Miṣr al-ḥadīthah al-Muṣawwarah$""مجلة مصر الحديثة المصورة. ""$""Masr-El-Hadissa El-Mossawara"""</subfield>
		</datafield>
		<datafield n="7" tag="222">
			<subfield code="a">مصر الحديثة المصورة</subfield>
		</datafield>
		<datafield n="8" tag="260">
			<subfield code="a"/>
			<subfield code="b"/>
			<subfield code="c"/>
		</datafield>
		<datafield n="9" tag="264">
			<subfield code="a">القاهرة :</subfield>
			<subfield code="b">شركة الجرائد المصورة،</subfield>
			<subfield code="c">1928-[1930]</subfield>
		</datafield>
		<datafield n="10" tag="300">
			<subfield code="">"4 مجلدات : مصورات ؛ 27 سم"</subfield>
		</datafield>
		<datafield n="11" tag="310">
			<subfield code="">اسبوعية.</subfield>
		</datafield>
		<datafield n="12" tag="911">
			<subfield code="">CEASE</subfield>
		</datafield>
		<datafield n="13" tag="530">
			<subfield code=""/>
		</datafield>
		<datafield n="14" tag="590">
			<subfield code="">ينقص اعداد عديدة من السنة (1930/1929)</subfield>
		</datafield>
		<datafield n="15" tag="866">
			<subfield code="">"في المكتبة: مج.1-3(1928-1930)؛ مج.4:ع.2، 4(1930:تموز)"</subfield>
		</datafield>
		<datafield n="16" tag="362">
			<subfield code=""/>
		</datafield>
	</record>