
	<record type="Bibliographic">
		<datafield n="1" tag="">
			<subfield code="">b12002549</subfield>
		</datafield>
		<datafield n="2" tag="">
			<subfield code="">s  </subfield>
		</datafield>
		<datafield n="3" tag="008">
			<subfield code="">1910</subfield>
		</datafield>
		<datafield n="4" tag="008">
			<subfield code="">9999</subfield>
		</datafield>
		<datafield n="5" tag="245">
			<subfield code="a">مصر المعاصرة :</subfield>
			<subfield code="b">مجلة علمية محكمة ربع سنوية /</subfield>
		</datafield>
		<datafield n="6" tag="246">
			<subfield code="a">"L‘Egypte contemporaine$""Miṣr al-mu‘āṣirah :"""</subfield>
		</datafield>
		<datafield n="7" tag="222">
			<subfield code="a">مصر المعاصرة</subfield>
		</datafield>
		<datafield n="8" tag="260">
			<subfield code="a"/>
			<subfield code="b"/>
			<subfield code="c"/>
		</datafield>
		<datafield n="9" tag="264">
			<subfield code="a">القاهرة :</subfield>
			<subfield code="b">الجمعية المصرية للإقتصاد السياسي والإحصاء والتشريع،</subfield>
			<subfield code="c">1910-</subfield>
		</datafield>
		<datafield n="10" tag="300">
			<subfield code="">"مجلدات : مصورات ؛ 24 سم"</subfield>
		</datafield>
		<datafield n="11" tag="310">
			<subfield code="">فصلية.</subfield>
		</datafield>
		<datafield n="12" tag="911">
			<subfield code="">ACTIV</subfield>
		</datafield>
		<datafield n="13" tag="530">
			<subfield code=""/>
		</datafield>
		<datafield n="14" tag="590">
			<subfield code=""/>
		</datafield>
		<datafield n="15" tag="866">
			<subfield code="">"في المكتبة : مج.1-30(1910-1939) ؛ مج.32-78(1941-1987)؛ مج.103(2011)-"</subfield>
		</datafield>
		<datafield n="16" tag="362">
			<subfield code=""/>
		</datafield>
	</record>