
	<record type="Bibliographic">
		<datafield n="1" tag="">
			<subfield code="">b12829687</subfield>
		</datafield>
		<datafield n="2" tag="">
			<subfield code="">s  </subfield>
		</datafield>
		<datafield n="3" tag="008">
			<subfield code="">1924</subfield>
		</datafield>
		<datafield n="4" tag="008">
			<subfield code="">1945</subfield>
		</datafield>
		<datafield n="5" tag="245">
			<subfield code="a">ملحق الوقائع المصرية :</subfield>
			<subfield code="b">مضبطة الجلسة ... /</subfield>
		</datafield>
		<datafield n="6" tag="246">
			<subfield code="a">"Mulḥaq al-waqā’i‘ al-Miṣrīyah :$""مضابط الجلسات"""</subfield>
		</datafield>
		<datafield n="7" tag="222">
			<subfield code="a">ملحق الوقائق المصرية</subfield>
		</datafield>
		<datafield n="8" tag="260">
			<subfield code="a"/>
			<subfield code="b"/>
			<subfield code="c"/>
		</datafield>
		<datafield n="9" tag="264">
			<subfield code="a">مصر :</subfield>
			<subfield code="b">مجلس النواب،</subfield>
			<subfield code="c">[1924-1945]</subfield>
		</datafield>
		<datafield n="10" tag="300">
			<subfield code="">"مجلدات ؛ 33 سم"</subfield>
		</datafield>
		<datafield n="11" tag="310">
			<subfield code=""/>
		</datafield>
		<datafield n="12" tag="911">
			<subfield code="">CEASE</subfield>
		</datafield>
		<datafield n="13" tag="530">
			<subfield code=""/>
		</datafield>
		<datafield n="14" tag="590">
			<subfield code=""/>
		</datafield>
		<datafield n="15" tag="866">
			<subfield code="">في المكتبة:1924\1925، 1931\1932، 1936، 1937، 1938\ 1939، 1940\ 1941، 1943\1944، 1945.</subfield>
		</datafield>
		<datafield n="16" tag="362">
			<subfield code=""/>
		</datafield>
	</record>