
	<record type="Bibliographic">
		<datafield n="1" tag="">
			<subfield code="">b11993492</subfield>
		</datafield>
		<datafield n="2" tag="">
			<subfield code="">s  </subfield>
		</datafield>
		<datafield n="3" tag="008">
			<subfield code="">1928</subfield>
		</datafield>
		<datafield n="4" tag="008">
			<subfield code="">1955</subfield>
		</datafield>
		<datafield n="5" tag="245">
			<subfield code="a">مناخ لبنان :</subfield>
			<subfield code="b">نشرة إحصائية موجزة /</subfield>
		</datafield>
		<datafield n="6" tag="246">
			<subfield code="a">"Munākh Lubnān :$""Climat du Liban :"""</subfield>
		</datafield>
		<datafield n="7" tag="222">
			<subfield code="a">مناخ لبنان</subfield>
		</datafield>
		<datafield n="8" tag="260">
			<subfield code="a"/>
			<subfield code="b"/>
			<subfield code="c"/>
		</datafield>
		<datafield n="9" tag="264">
			<subfield code="a">بيروت :</subfield>
			<subfield code="b">دائرة الأرصاد الجوية، مرصد كسارة،</subfield>
			<subfield code="c">1928-[1955]</subfield>
		</datafield>
		<datafield n="10" tag="300">
			<subfield code="">"مجلدات ؛ 31 سم"</subfield>
		</datafield>
		<datafield n="11" tag="310">
			<subfield code=""/>
		</datafield>
		<datafield n="12" tag="911">
			<subfield code="">CEASE</subfield>
		</datafield>
		<datafield n="13" tag="530">
			<subfield code=""/>
		</datafield>
		<datafield n="14" tag="590">
			<subfield code="">Library has 2 copies of (1928-1935).</subfield>
		</datafield>
		<datafield n="15" tag="866">
			<subfield code="">في المكتبة:1928-1955.</subfield>
		</datafield>
		<datafield n="16" tag="362">
			<subfield code=""/>
		</datafield>
	</record>