
	<record type="Bibliographic">
		<datafield n="1" tag="">
			<subfield code="">b12825426</subfield>
		</datafield>
		<datafield n="2" tag="">
			<subfield code="">s  </subfield>
		</datafield>
		<datafield n="3" tag="008">
			<subfield code="">1923</subfield>
		</datafield>
		<datafield n="4" tag="008">
			<subfield code="">1928</subfield>
		</datafield>
		<datafield n="5" tag="245">
			<subfield code="a">مينرفا :</subfield>
			<subfield code="b">مجلة أدب وفن وإجتماع.</subfield>
		</datafield>
		<datafield n="6" tag="246">
			<subfield code="a">Mīnirfā :</subfield>
		</datafield>
		<datafield n="7" tag="222">
			<subfield code="a">مينرفا</subfield>
		</datafield>
		<datafield n="8" tag="260">
			<subfield code="a"/>
			<subfield code="b"/>
			<subfield code="c"/>
		</datafield>
		<datafield n="9" tag="264">
			<subfield code="a">بيروت :</subfield>
			<subfield code="b">[ماري يني]،</subfield>
			<subfield code="c">1923-1928.</subfield>
		</datafield>
		<datafield n="10" tag="300">
			<subfield code="">4 مجلدات : مصورات</subfield>
		</datafield>
		<datafield n="11" tag="310">
			<subfield code="">شهرية.</subfield>
		</datafield>
		<datafield n="12" tag="911">
			<subfield code="">CEASE</subfield>
		</datafield>
		<datafield n="13" tag="530">
			<subfield code="">متوفر ايضاً على ميكروفيلم : Mic-NA:000277</subfield>
		</datafield>
		<datafield n="14" tag="590">
			<subfield code=""/>
		</datafield>
		<datafield n="15" tag="866">
			<subfield code="">"في المكتبة:مج.1-4(1923-1927)؛ مج.5:ع.7/8(1927:تشرين الأول/تشرين الثاني)؛ مج.6:ع.2/3، 6/7(1928:أيار/حزيران، تشرين الأول/تشرين الثاني)؛ مج.7:ع.1-5، 10(1929:أيار-أيلول، 1930:شباط/آذار)"</subfield>
		</datafield>
		<datafield n="16" tag="362">
			<subfield code="">صدر العدد الاول السنة الاولى 15 نيسان 1923.</subfield>
		</datafield>
	</record>