
	<record type="Bibliographic">
		<datafield n="1" tag="">
			<subfield code="">b12828063</subfield>
		</datafield>
		<datafield n="2" tag="">
			<subfield code="">1  </subfield>
		</datafield>
		<datafield n="3" tag="008">
			<subfield code="">1923</subfield>
		</datafield>
		<datafield n="4" tag="008">
			<subfield code="">1928</subfield>
		</datafield>
		<datafield n="5" tag="245">
			<subfield code="a">مينرفا :</subfield>
			<subfield code="b">مجلة أدب وفن وإجتماع.</subfield>
		</datafield>
		<datafield n="6" tag="246">
			<subfield code="a">Mīnirfā :</subfield>
		</datafield>
		<datafield n="7" tag="222">
			<subfield code="a">مينرفا</subfield>
		</datafield>
		<datafield n="8" tag="260">
			<subfield code="a"/>
			<subfield code="b"/>
			<subfield code="c"/>
		</datafield>
		<datafield n="9" tag="264">
			<subfield code="a">بيروت :</subfield>
			<subfield code="b">[ماري يني]،</subfield>
			<subfield code="c">1923-[1928]</subfield>
		</datafield>
		<datafield n="10" tag="300">
			<subfield code="">"3 بكرة ميكروفيلم : سلبي وايجابي ؛ 35 مم"</subfield>
		</datafield>
		<datafield n="11" tag="310">
			<subfield code="">شهرية.</subfield>
		</datafield>
		<datafield n="12" tag="911">
			<subfield code="">CEASE</subfield>
		</datafield>
		<datafield n="13" tag="530">
			<subfield code="">متوفر ايضاً على نسخة مطبوعة.</subfield>
		</datafield>
		<datafield n="14" tag="590">
			<subfield code="">نسخة مصورة على ميكروفيلم. تم التصوير في دائرة المصغرات الفلمية، مكتبة يافث التذكارية، 1993</subfield>
		</datafield>
		<datafield n="15" tag="866">
			<subfield code="">"في المكتبة:1923:نيسان-1928:نيسان.$""في المكتبة: 1923:نيسان-1926:كانون الثاني، 1926:نيسان-1927:كانون الثاني؛ 1927:نيسان-1928:كانون الثاني."""</subfield>
		</datafield>
		<datafield n="16" tag="362">
			<subfield code="">صدر العدد الاول السنة الأولى 15 نيسان 1923.</subfield>
		</datafield>
	</record>