
	<record type="Bibliographic">
		<datafield n="1" tag="">
			<subfield code="">b12829432</subfield>
		</datafield>
		<datafield n="2" tag="">
			<subfield code="">s  </subfield>
		</datafield>
		<datafield n="3" tag="008">
			<subfield code="">1920</subfield>
		</datafield>
		<datafield n="4" tag="008">
			<subfield code="">194u</subfield>
		</datafield>
		<datafield n="5" tag="245">
			<subfield code="a">نشرة عن المواليد والوفيات والأمراض المعدية /</subfield>
			<subfield code="b"/>
		</datafield>
		<datafield n="6" tag="246">
			<subfield code="a">"Nashrah ‘an al-mawālīd wa-al-wafīyāt  wa-al-amrāḍ al-muʻdīyah$""Return of birthsm deaths and infections diseases"""</subfield>
		</datafield>
		<datafield n="7" tag="222">
			<subfield code="a">نشرة عن المواليد والوفيات والأمراض المعدية</subfield>
		</datafield>
		<datafield n="8" tag="260">
			<subfield code="a"/>
			<subfield code="b"/>
			<subfield code="c"/>
		</datafield>
		<datafield n="9" tag="264">
			<subfield code="a">القاهرة :</subfield>
			<subfield code="b">وزارة المالية، مصلحة عموم الاحصاء،</subfield>
			<subfield code="c">[1920-194؟]</subfield>
		</datafield>
		<datafield n="10" tag="300">
			<subfield code="">"11 مجلدات؛ 33 سم"</subfield>
		</datafield>
		<datafield n="11" tag="310">
			<subfield code=""/>
		</datafield>
		<datafield n="12" tag="911">
			<subfield code="">CEASE</subfield>
		</datafield>
		<datafield n="13" tag="530">
			<subfield code=""/>
		</datafield>
		<datafield n="14" tag="590">
			<subfield code=""/>
		</datafield>
		<datafield n="15" tag="866">
			<subfield code="">في المكتبة:1920-1926، 1929-1932.</subfield>
		</datafield>
		<datafield n="16" tag="362">
			<subfield code=""/>
		</datafield>
	</record>