
	<record type="Bibliographic">
		<datafield n="1" tag="">
			<subfield code="">b25588059</subfield>
		</datafield>
		<datafield n="2" tag="">
			<subfield code="">s  </subfield>
		</datafield>
		<datafield n="3" tag="008">
			<subfield code="">1927</subfield>
		</datafield>
		<datafield n="4" tag="008">
			<subfield code="">192u</subfield>
		</datafield>
		<datafield n="5" tag="245">
			<subfield code="a">نشرة مطرانية بيروت وجبيل للروم الكاثوليك :</subfield>
			<subfield code="b">دينية تاريخية علمية أدبية.</subfield>
		</datafield>
		<datafield n="6" tag="246">
			<subfield code="a"/>
		</datafield>
		<datafield n="7" tag="222">
			<subfield code="a">نشرة مطرانية بيروت وجبيل للروم الكاثوليك</subfield>
		</datafield>
		<datafield n="8" tag="260">
			<subfield code="a"/>
			<subfield code="b"/>
			<subfield code="c"/>
		</datafield>
		<datafield n="9" tag="264">
			<subfield code="a">بيروت، لبنان :</subfield>
			<subfield code="b">المطبعة الكاثوليكية،</subfield>
			<subfield code="c">1927-[192؟]</subfield>
		</datafield>
		<datafield n="10" tag="300">
			<subfield code="">"اعداد ؛ 24 سم"</subfield>
		</datafield>
		<datafield n="11" tag="310">
			<subfield code=""/>
		</datafield>
		<datafield n="12" tag="911">
			<subfield code="">CEASE</subfield>
		</datafield>
		<datafield n="13" tag="530">
			<subfield code=""/>
		</datafield>
		<datafield n="14" tag="590">
			<subfield code=""/>
		</datafield>
		<datafield n="15" tag="866">
			<subfield code="">في المكتبة : مج.1:ع.1-3، 6(1927:آذار-تموز، 1928:كانون الثاني)</subfield>
		</datafield>
		<datafield n="16" tag="362">
			<subfield code="">السنة الأولى، العدد الأول (آذار 1927)</subfield>
		</datafield>
	</record>