
	<record type="Bibliographic">
		<datafield n="1" tag="">
			<subfield code="">b13163231</subfield>
		</datafield>
		<datafield n="2" tag="">
			<subfield code="">s  </subfield>
		</datafield>
		<datafield n="3" tag="008">
			<subfield code="">1860</subfield>
		</datafield>
		<datafield n="4" tag="008">
			<subfield code="">1861</subfield>
		</datafield>
		<datafield n="5" tag="245">
			<subfield code="a">نفير سورية /</subfield>
			<subfield code="b"/>
		</datafield>
		<datafield n="6" tag="246">
			<subfield code="a">Nafīr Sūrīyah</subfield>
		</datafield>
		<datafield n="7" tag="222">
			<subfield code="a">نفير سورية </subfield>
		</datafield>
		<datafield n="8" tag="260">
			<subfield code="a"/>
			<subfield code="b"/>
			<subfield code="c"/>
		</datafield>
		<datafield n="9" tag="264">
			<subfield code="a">بيروت :</subfield>
			<subfield code="b">بطرس البستاني،</subfield>
			<subfield code="c">1860-1861.</subfield>
		</datafield>
		<datafield n="10" tag="300">
			<subfield code="">"1 مجلد ؛ 70 سم"</subfield>
		</datafield>
		<datafield n="11" tag="310">
			<subfield code=""/>
		</datafield>
		<datafield n="12" tag="911">
			<subfield code="">CEASE</subfield>
		</datafield>
		<datafield n="13" tag="530">
			<subfield code="">متوفر ايضاً  على ميكروفيلم : Mic-NA:000035.</subfield>
		</datafield>
		<datafield n="14" tag="590">
			<subfield code=""/>
		</datafield>
		<datafield n="15" tag="866">
			<subfield code="">في المكتبة:مج. 1(1860:ايلول-1861:نيسان)</subfield>
		</datafield>
		<datafield n="16" tag="362">
			<subfield code=""/>
		</datafield>
	</record>