
	<record type="Bibliographic">
		<datafield n="1" tag="">
			<subfield code="">b14514771</subfield>
		</datafield>
		<datafield n="2" tag="">
			<subfield code="">1  </subfield>
		</datafield>
		<datafield n="3" tag="008">
			<subfield code="">1900</subfield>
		</datafield>
		<datafield n="4" tag="008">
			<subfield code="">1902</subfield>
		</datafield>
		<datafield n="5" tag="245">
			<subfield code="a">نور الاسلام :</subfield>
			<subfield code="b">مجلة علمية، أدبية، إسلامية، تهذيبية، دينية.</subfield>
		</datafield>
		<datafield n="6" tag="246">
			<subfield code="a">Nūr al-Islām :</subfield>
		</datafield>
		<datafield n="7" tag="222">
			<subfield code="a">نور الاسلام</subfield>
		</datafield>
		<datafield n="8" tag="260">
			<subfield code="a"/>
			<subfield code="b"/>
			<subfield code="c"/>
		</datafield>
		<datafield n="9" tag="264">
			<subfield code="a">القاهرة :</subfield>
			<subfield code="b">امين ابو يوسف،</subfield>
			<subfield code="c">1900-[1902]</subfield>
		</datafield>
		<datafield n="10" tag="300">
			<subfield code="">"بكرة ميكروفيلم : سلبي وايجابي ؛ 35 مم"</subfield>
		</datafield>
		<datafield n="11" tag="310">
			<subfield code=""/>
		</datafield>
		<datafield n="12" tag="911">
			<subfield code="">CEASE</subfield>
		</datafield>
		<datafield n="13" tag="530">
			<subfield code="">متوفر ايضاً على نسخة مطبوعة.</subfield>
		</datafield>
		<datafield n="14" tag="590">
			<subfield code="">نسخة مصورة على ميكروفيلم. تم التصوير في دائرة المصغرات الفلمية، مكتبة يافث التذكارية</subfield>
		</datafield>
		<datafield n="15" tag="866">
			<subfield code="">في المكتبة:مج. 1:ع.1-24/22 (1900:ايار-1902:آذار،10)</subfield>
		</datafield>
		<datafield n="16" tag="362">
			<subfield code="">صدر العدد الاول أيار 1900.</subfield>
		</datafield>
	</record>