
	<record type="Bibliographic">
		<datafield n="1" tag="">
			<subfield code="">b21209200</subfield>
		</datafield>
		<datafield n="2" tag="">
			<subfield code="">s  </subfield>
		</datafield>
		<datafield n="3" tag="008">
			<subfield code="">1924</subfield>
		</datafield>
		<datafield n="4" tag="008">
			<subfield code="">1925</subfield>
		</datafield>
		<datafield n="5" tag="245">
			<subfield code="a">هلال الخامس :</subfield>
			<subfield code="b">مجلة أدبية إجتماعية هزلية يصدرها شهرياً الصف الخامس بالعربية، الانكليزية، الافرنسية.</subfield>
		</datafield>
		<datafield n="6" tag="246">
			<subfield code="a">"مجلة أدبية إجتماعية هزلية يصدرها شهراياً الصف الخامس بالعربية، الانكليزية والافرنسية$""The Fifth Form Crescent:""$""Hilāl al-khāmis :"""</subfield>
		</datafield>
		<datafield n="7" tag="222">
			<subfield code="a">هلال الخامس</subfield>
		</datafield>
		<datafield n="8" tag="260">
			<subfield code="a"/>
			<subfield code="b"/>
			<subfield code="c"/>
		</datafield>
		<datafield n="9" tag="264">
			<subfield code="a">بيروت :</subfield>
			<subfield code="b">[الجامعة الاميركية في بيروت]،</subfield>
			<subfield code="c">1924-1925.</subfield>
		</datafield>
		<datafield n="10" tag="300">
			<subfield code="">3 أعداد.</subfield>
		</datafield>
		<datafield n="11" tag="310">
			<subfield code=""/>
		</datafield>
		<datafield n="12" tag="911">
			<subfield code="">CEASE</subfield>
		</datafield>
		<datafield n="13" tag="530">
			<subfield code=""/>
		</datafield>
		<datafield n="14" tag="590">
			<subfield code="">"تحفظ في دائرة الارشيف والمجموعات الخاصة.$""The volume is available in AUB Archives/AA.4.2.1Student/Student Manuscript Magazines Box 17."""</subfield>
		</datafield>
		<datafield n="15" tag="866">
			<subfield code="">"في المكتبة :ع. 1 (1924؛ ع. 2 (1925)؛ عدد غير معرف"</subfield>
		</datafield>
		<datafield n="16" tag="362">
			<subfield code=""/>
		</datafield>
	</record>
</collection>